<?xml version="1.0" encoding="UTF-8"?>
<!DOCTYPE html PUBLIC "-//W3C//DTD XHTML 1.0 Transitional//EN"
    "http://www.w3.org/TR/xhtml1/DTD/xhtml1-transitional.dtd">
<html xmlns="http://www.w3.org/1999/xhtml" xml:lang="en" lang="en">
 <head>
  <title>
</title>
<meta http-equiv="Content-Type" content="text/html;charset=utf-8" />
  <meta name='ocr-system' content='tesseract 3.04.00' />
  <meta name='ocr-capabilities' content='ocr_page ocr_carea ocr_par ocr_line ocrx_word'/>
</head>
<body>
  <div class='ocr_page' id='page_1' title='image "./deplautiepidico01muelgoog_0028.png"; bbox 0 0 2820 4830; ppageno 0'>
   <div class='ocr_carea' id='block_1_1' title="bbox 683 287 722 352">
    <p class='ocr_par' dir='ltr' id='par_1_1' title="bbox 683 287 722 352">
     <span class='ocr_line' id='line_1_1' title="bbox 683 287 722 352; baseline -0.026 0"><span class='ocrx_word' id='word_1_1' title='bbox 683 287 722 352; x_wconf 82' lang='lat'>19</span> 
     </span>
    </p>
   </div>
   <div class='ocr_carea' id='block_1_2' title="bbox 105 469 1310 4242">
    <p class='ocr_par' dir='ltr' id='par_1_2' title="bbox 105 469 1310 3154">
     <span class='ocr_line' id='line_1_2' title="bbox 154 469 1251 560; baseline 0.004 -24"><span class='ocrx_word' id='word_1_2' title='bbox 154 480 230 536; x_wconf 87' lang='lat' dir='ltr'>tam.</span> <span class='ocrx_word' id='word_1_3' title='bbox 275 469 411 538; x_wconf 81' lang='lat' dir='ltr'>Scilicet</span> <span class='ocrx_word' id='word_1_4' title='bbox 440 471 501 537; x_wconf 87' lang='lat' dir='ltr'>ista</span> <span class='ocrx_word' id='word_1_5' title='bbox 532 473 603 560; x_wconf 79' lang='lat' dir='ltr'>‘qua‘</span> <span class='ocrx_word' id='word_1_6' title='bbox 629 474 665 535; x_wconf 80' lang='lat' dir='ltr'>ia</span> <span class='ocrx_word' id='word_1_7' title='bbox 696 474 794 536; x_wconf 62' lang='lat' dir='ltr'>tautae</span> <span class='ocrx_word' id='word_1_8' title='bbox 816 475 945 556; x_wconf 77' lang='lat' dir='ltr'>positus</span> <span class='ocrx_word' id='word_1_9' title='bbox 971 496 1041 536; x_wconf 83' lang='lat' dir='ltr'>aum</span> <span class='ocrx_word' id='word_1_10' title='bbox 1073 478 1251 539; x_wconf 71' lang='lat' dir='ltr'>scateatits’</span> 
     </span>
     <span class='ocr_line' id='line_1_3' title="bbox 153 579 1251 667; baseline 0.005 -23"><span class='ocrx_word' id='word_1_11' title='bbox 153 579 316 645; x_wconf 86' lang='lat' dir='ltr'>locutione</span> <span class='ocrx_word' id='word_1_12' title='bbox 344 589 502 667; x_wconf 83' lang='lat' dir='ltr'><strong>quotquot</strong></span> <span class='ocrx_word' id='word_1_13' title='bbox 524 579 566 644; x_wconf 79' lang='lat' dir='ltr'>ad</span> <span class='ocrx_word' id='word_1_14' title='bbox 579 579 727 645; x_wconf 88' lang='lat' dir='ltr'>Plautum</span> <span class='ocrx_word' id='word_1_15' title='bbox 751 580 1031 667; x_wconf 88' lang='lat' dir='ltr'>interpretandum</span> <span class='ocrx_word' id='word_1_16' title='bbox 1043 595 1251 650; x_wconf 88' lang='lat' dir='ltr'>accesserunt</span> 
     </span>
     <span class='ocr_line' id='line_1_4' title="bbox 154 688 1251 776; baseline 0.004 -23"><span class='ocrx_word' id='word_1_17' title='bbox 154 689 236 753; x_wconf 91' lang='lat' dir='ltr'>mire</span> <span class='ocrx_word' id='word_1_18' title='bbox 251 688 360 753; x_wconf 86' lang='lat' dir='ltr'>vexati</span> <span class='ocrx_word' id='word_1_19' title='bbox 380 700 465 769; x_wconf 90' lang='lat' dir='ltr'>sunt,</span> <span class='ocrx_word' id='word_1_20' title='bbox 486 711 547 754; x_wconf 91' lang='lat' dir='ltr'>nec</span> <span class='ocrx_word' id='word_1_21' title='bbox 568 691 638 753; x_wconf 87' lang='lat' dir='ltr'>fere</span> <span class='ocrx_word' id='word_1_22' title='bbox 662 690 832 776; x_wconf 91' lang='lat' dir='ltr'>qnisquam</span> <span class='ocrx_word' id='word_1_23' title='bbox 855 712 946 753; x_wconf 90' lang='lat' dir='ltr'>suam</span> <span class='ocrx_word' id='word_1_24' title='bbox 958 692 1134 757; x_wconf 91' lang='lat' dir='ltr'>verborum</span> <span class='ocrx_word' id='word_1_25' title='bbox 1154 693 1251 757; x_wconf 87' lang='lat' dir='ltr'>inter-</span> 
     </span>
     <span class='ocr_line' id='line_1_5' title="bbox 153 798 1251 886; baseline 0.001 -23"><span class='ocrx_word' id='word_1_26' title='bbox 153 798 367 886; x_wconf 76' lang='lat' dir='ltr'>pretationem</span> <span class='ocrx_word' id='word_1_27' title='bbox 392 820 516 881; x_wconf 89' lang='lat' dir='ltr'>eorum,</span> <span class='ocrx_word' id='word_1_28' title='bbox 538 798 592 882; x_wconf 90' lang='lat' dir='ltr'>qui</span> <span class='ocrx_word' id='word_1_29' title='bbox 616 806 779 882; x_wconf 90' lang='lat' dir='ltr'>posteum</span> <span class='ocrx_word' id='word_1_30' title='bbox 792 798 880 862; x_wconf 88' lang='lat' dir='ltr'>hunc</span> <span class='ocrx_word' id='word_1_31' title='bbox 897 798 1004 864; x_wconf 89' lang='lat' dir='ltr'>locum</span> <span class='ocrx_word' id='word_1_32' title='bbox 1020 810 1251 882; x_wconf 84' lang='lat' dir='ltr'>tractaverunt,</span> 
     </span>
     <span class='ocr_line' id='line_1_6' title="bbox 153 900 1251 999; baseline 0.003 -27"><span class='ocrx_word' id='word_1_33' title='bbox 153 907 211 972; x_wconf 90' lang='lat' dir='ltr'>uni</span> <span class='ocrx_word' id='word_1_34' title='bbox 234 900 395 995; x_wconf 82' lang='lat' dir='ltr'>probavit.</span> <span class='ocrx_word' id='word_1_35' title='bbox 440 906 550 992; x_wconf 78' lang='lat' dir='ltr'>Atque</span> <span class='ocrx_word' id='word_1_36' title='bbox 572 908 787 972; x_wconf 86' lang='lat' dir='ltr'>vetustiorum</span> <span class='ocrx_word' id='word_1_37' title='bbox 809 909 941 992; x_wconf 88' lang='lat' dir='ltr'>quidem</span> <span class='ocrx_word' id='word_1_38' title='bbox 961 919 1145 975; x_wconf 85' lang='lat' dir='ltr'>commenta</span> <span class='ocrx_word' id='word_1_39' title='bbox 1166 911 1251 999; x_wconf 91' lang='lat' dir='ltr'>apud</span> 
     </span>
     <span class='ocr_line' id='line_1_7' title="bbox 153 1017 1251 1083; baseline 0.001 -1"><span class='ocrx_word' id='word_1_40' title='bbox 153 1017 347 1082; x_wconf 87' lang='lat' dir='ltr'>Lambinum</span> <span class='ocrx_word' id='word_1_41' title='bbox 371 1017 411 1082; x_wconf 87' lang='lat' dir='ltr'>ad</span> <span class='ocrx_word' id='word_1_42' title='bbox 433 1018 521 1082; x_wconf 88' lang='lat' dir='ltr'>hunc</span> <span class='ocrx_word' id='word_1_43' title='bbox 542 1017 650 1081; x_wconf 91' lang='lat' dir='ltr'>locum</span> <span class='ocrx_word' id='word_1_44' title='bbox 673 1027 821 1082; x_wconf 78' lang='lat' dir='ltr'>enarrata</span> <span class='ocrx_word' id='word_1_45' title='bbox 843 1017 999 1082; x_wconf 89' lang='lat' dir='ltr'>invenies.</span> <span class='ocrx_word' id='word_1_46' title='bbox 1041 1019 1070 1083; x_wconf 86' lang='lat' dir='ltr'>E</span> <span class='ocrx_word' id='word_1_47' title='bbox 1090 1019 1251 1083; x_wconf 88' lang='lat' dir='ltr'>recentio-</span> 
     </span>
     <span class='ocr_line' id='line_1_8' title="bbox 153 1126 1251 1213; baseline 0.002 -22"><span class='ocrx_word' id='word_1_48' title='bbox 153 1126 243 1191; x_wconf 88' lang='lat' dir='ltr'>ribus</span> <span class='ocrx_word' id='word_1_49' title='bbox 266 1127 397 1192; x_wconf 88' lang='lat' dir='ltr'>Rostius</span> <span class='ocrx_word' id='word_1_50' title='bbox 419 1126 454 1190; x_wconf 90' lang='lat' dir='ltr'>in</span> <span class='ocrx_word' id='word_1_51' title='bbox 475 1127 605 1192; x_wconf 88' lang='lat' dir='ltr'>fabulae</span> <span class='ocrx_word' id='word_1_52' title='bbox 629 1128 780 1192; x_wconf 81' lang='lat' dir='ltr'>versione</span> <span class='ocrx_word' id='word_1_53' title='bbox 805 1128 992 1212; x_wconf 84' lang='lat' dir='ltr'>germanica</span> <span class='ocrx_word' id='word_1_54' title='bbox 1020 1127 1251 1213; x_wconf 88' lang='lat' dir='ltr'>interpretatus</span> 
     </span>
     <span class='ocr_line' id='line_1_9' title="bbox 154 1236 1249 1323; baseline 0 -23"><span class='ocrx_word' id='word_1_55' title='bbox 154 1245 222 1300; x_wconf 75' lang='lat' dir='ltr'>cstz</span> <span class='ocrx_word' id='word_1_56' title='bbox 257 1237 337 1320; x_wconf 88' lang='lat' dir='ltr'>‘Ich,</span> <span class='ocrx_word' id='word_1_57' title='bbox 367 1236 426 1300; x_wconf 88' lang='lat' dir='ltr'>der</span> <span class='ocrx_word' id='word_1_58' title='bbox 456 1259 492 1300; x_wconf 88' lang='lat' dir='ltr'>so</span> <span class='ocrx_word' id='word_1_59' title='bbox 523 1236 607 1300; x_wconf 87' lang='lat' dir='ltr'>viele</span> <span class='ocrx_word' id='word_1_60' title='bbox 630 1236 751 1304; x_wconf 86' lang='lat' dir='ltr'>Urthel</span> <span class='ocrx_word' id='word_1_61' title='bbox 780 1237 1031 1319; x_wconf 89' lang='lat' dir='ltr'>unterschrieb’,</span> <span class='ocrx_word' id='word_1_62' title='bbox 1059 1236 1249 1323; x_wconf 85' lang='lat' dir='ltr'>Ladewigio</span> 
     </span>
     <span class='ocr_line' id='line_1_10' title="bbox 153 1344 1250 1433; baseline 0 -22"><span class='ocrx_word' id='word_1_63' title='bbox 153 1348 175 1411; x_wconf 92' lang='lat' dir='ltr'>l.</span> <span class='ocrx_word' id='word_1_64' title='bbox 200 1368 225 1409; x_wconf 87' lang='lat' dir='ltr'>s.</span> <span class='ocrx_word' id='word_1_65' title='bbox 249 1344 269 1408; x_wconf 91' lang='lat' dir='ltr'>l.</span> <span class='ocrx_word' id='word_1_66' title='bbox 291 1367 366 1433; x_wconf 81' lang='lat' dir='ltr'>pag.</span> <span class='ocrx_word' id='word_1_67' title='bbox 384 1345 466 1408; x_wconf 87' lang='lat'>1084</span> <span class='ocrx_word' id='word_1_68' title='bbox 488 1344 691 1431; x_wconf 84' lang='lat' dir='ltr'>Periphanes</span> <span class='ocrx_word' id='word_1_69' title='bbox 711 1354 841 1433; x_wconf 87' lang='lat' dir='ltr'>praeter</span> <span class='ocrx_word' id='word_1_70' title='bbox 860 1345 958 1409; x_wconf 88' lang='lat' dir='ltr'>animi</span> <span class='ocrx_word' id='word_1_71' title='bbox 972 1346 1169 1410; x_wconf 86' lang='lat' dir='ltr'>voluntatem</span> <span class='ocrx_word' id='word_1_72' title='bbox 1183 1370 1250 1411; x_wconf 89' lang='lat' dir='ltr'>ora-</span> 
     </span>
     <span class='ocr_line' id='line_1_11' title="bbox 153 1453 1251 1540; baseline 0.002 -22"><span class='ocrx_word' id='word_1_73' title='bbox 153 1455 277 1520; x_wconf 86' lang='lat' dir='ltr'>tionem</span> <span class='ocrx_word' id='word_1_74' title='bbox 300 1454 346 1518; x_wconf 89' lang='lat' dir='ltr'>sic</span> <span class='ocrx_word' id='word_1_75' title='bbox 372 1455 581 1519; x_wconf 90' lang='lat' dir='ltr'>confirmasse</span> <span class='ocrx_word' id='word_1_76' title='bbox 604 1454 745 1536; x_wconf 87' lang='lat' dir='ltr'>videtur,</span> <span class='ocrx_word' id='word_1_77' title='bbox 768 1453 877 1517; x_wconf 81' lang='lat' dir='ltr'>uthis</span> <span class='ocrx_word' id='word_1_78' title='bbox 899 1463 984 1518; x_wconf 90' lang='lat' dir='ltr'>esset</span> <span class='ocrx_word' id='word_1_79' title='bbox 1006 1455 1158 1540; x_wconf 91' lang='lat' dir='ltr'>proprius</span> <span class='ocrx_word' id='word_1_80' title='bbox 1182 1457 1251 1520; x_wconf 90' lang='lat' dir='ltr'>eius</span> 
     </span>
     <span class='ocr_line' id='line_1_12' title="bbox 152 1561 1251 1632; baseline 0.004 -7"><span class='ocrx_word' id='word_1_81' title='bbox 152 1564 327 1628; x_wconf 88' lang='lat' dir='ltr'>verborum</span> <span class='ocrx_word' id='word_1_82' title='bbox 351 1585 480 1627; x_wconf 88' lang='lat' dir='ltr'>sensus:</span> <span class='ocrx_word' id='word_1_83' title='bbox 508 1562 579 1626; x_wconf 82' lang='lat' dir='ltr'>‘der</span> <span class='ocrx_word' id='word_1_84' title='bbox 600 1561 651 1626; x_wconf 89' lang='lat' dir='ltr'>ich</span> <span class='ocrx_word' id='word_1_85' title='bbox 676 1562 734 1626; x_wconf 85' lang='lat' dir='ltr'>auf</span> <span class='ocrx_word' id='word_1_86' title='bbox 754 1563 859 1626; x_wconf 89' lang='lat' dir='ltr'>lauter</span> <span class='ocrx_word' id='word_1_87' title='bbox 881 1562 1148 1628; x_wconf 88' lang='lat' dir='ltr'>hochtrabenden</span> <span class='ocrx_word' id='word_1_88' title='bbox 1171 1565 1251 1632; x_wconf 83' lang='lat' dir='ltr'>Sen-</span> 
     </span>
     <span class='ocr_line' id='line_1_13' title="bbox 155 1671 1251 1739; baseline 0.001 -3"><span class='ocrx_word' id='word_1_89' title='bbox 155 1681 272 1738; x_wconf 84' lang='lat' dir='ltr'>tenzen</span> <span class='ocrx_word' id='word_1_90' title='bbox 296 1672 388 1738; x_wconf 88' lang='lat' dir='ltr'>stehe</span> <span class='ocrx_word' id='word_1_91' title='bbox 411 1672 442 1737; x_wconf 89' lang='lat' dir='ltr'>d.</span> <span class='ocrx_word' id='word_1_92' title='bbox 462 1672 499 1736; x_wconf 88' lang='lat' dir='ltr'>h.</span> <span class='ocrx_word' id='word_1_93' title='bbox 531 1672 591 1735; x_wconf 88' lang='lat' dir='ltr'>der</span> <span class='ocrx_word' id='word_1_94' title='bbox 615 1672 669 1736; x_wconf 90' lang='lat' dir='ltr'>ich</span> <span class='ocrx_word' id='word_1_95' title='bbox 699 1672 831 1735; x_wconf 89' lang='lat' dir='ltr'>meincn</span> <span class='ocrx_word' id='word_1_96' title='bbox 853 1671 960 1736; x_wconf 89' lang='lat' dir='ltr'>Ruhm</span> <span class='ocrx_word' id='word_1_97' title='bbox 986 1672 1116 1737; x_wconf 90' lang='lat' dir='ltr'>meinen</span> <span class='ocrx_word' id='word_1_98' title='bbox 1139 1673 1251 1739; x_wconf 83' lang='lat' dir='ltr'>Deuk-</span> 
     </span>
     <span class='ocr_line' id='line_1_14' title="bbox 153 1766 1310 1870; baseline 0 -24"><span class='ocrx_word' id='word_1_99' title='bbox 153 1782 315 1870; x_wconf 84' lang='lat' dir='ltr'>sprtiohen</span> <span class='ocrx_word' id='word_1_100' title='bbox 336 1781 525 1846; x_wconf 83' lang='lat' dir='ltr'>vordanke’.</span> <span class='ocrx_word' id='word_1_101' title='bbox 570 1780 651 1847; x_wconf 90' lang='lat' dir='ltr'>Mihi</span> <span class='ocrx_word' id='word_1_102' title='bbox 674 1803 715 1846; x_wconf 86' lang='lat' dir='ltr'>ex</span> <span class='ocrx_word' id='word_1_103' title='bbox 739 1782 888 1846; x_wconf 89' lang='lat' dir='ltr'>omnibus</span> <span class='ocrx_word' id='word_1_104' title='bbox 913 1805 976 1845; x_wconf 89' lang='lat' dir='ltr'>una</span> <span class='ocrx_word' id='word_1_105' title='bbox 1005 1766 1183 1869; x_wconf 89' lang='lat' dir='ltr'>probabilis</span> <span class='ocrx_word' id='word_1_106' title='bbox 1203 1782 1249 1846; x_wconf 89' lang='lat' dir='ltr'>vi·</span> <span class='ocrx_word' id='word_1_107' title='bbox 1307 1794 1310 1800; x_wconf 84' lang='lat'>&#39;</span> 
     </span>
     <span class='ocr_line' id='line_1_15' title="bbox 105 1880 1252 1978; baseline 0 -24"><span class='ocrx_word' id='word_1_108' title='bbox 105 1880 110 1894; x_wconf 77' lang='lat'>&#39;</span> <span class='ocrx_word' id='word_1_109' title='bbox 154 1890 250 1955; x_wconf 89' lang='lat' dir='ltr'>detur</span> <span class='ocrx_word' id='word_1_110' title='bbox 272 1889 422 1956; x_wconf 86' lang='lat' dir='ltr'>Gronovi</span> <span class='ocrx_word' id='word_1_111' title='bbox 446 1890 682 1978; x_wconf 82' lang='lat' dir='ltr'>interpretatio,</span> <span class='ocrx_word' id='word_1_112' title='bbox 715 1890 768 1974; x_wconf 91' lang='lat' dir='ltr'>qui</span> <span class='ocrx_word' id='word_1_113' title='bbox 800 1893 891 1974; x_wconf 78' lang='lat' dir='ltr'>‘pout&#39;</span> <span class='ocrx_word' id='word_1_114' title='bbox 911 1893 946 1952; x_wconf 77' lang='lat' dir='ltr'>ia</span> <span class='ocrx_word' id='word_1_115' title='bbox 965 1892 1135 1954; x_wconf 77' lang='lat' dir='ltr'>seutentia’</span> <span class='ocrx_word' id='word_1_116' title='bbox 1162 1890 1252 1954; x_wconf 87' lang='lat' dir='ltr'>idem</span> 
     </span>
     <span class='ocr_line' id='line_1_16' title="bbox 154 1987 1252 2085; baseline 0.004 -24"><span class='ocrx_word' id='word_1_117' title='bbox 154 2000 265 2064; x_wconf 89' lang='lat' dir='ltr'>valere</span> <span class='ocrx_word' id='word_1_118' title='bbox 288 1999 367 2064; x_wconf 87' lang='lat' dir='ltr'>dicit</span> <span class='ocrx_word' id='word_1_119' title='bbox 397 2009 493 2084; x_wconf 87' lang='lat' dir='ltr'>atque</span> <span class='ocrx_word' id='word_1_120' title='bbox 522 2000 719 2085; x_wconf 79' lang='lat' dir='ltr'>‘praescribi</span> <span class='ocrx_word' id='word_1_121' title='bbox 742 1987 919 2063; x_wconf 72' lang='lat' dir='ltr'>sententiae</span> <span class='ocrx_word' id='word_1_122' title='bbox 947 2000 1132 2064; x_wconf 55' lang='lat' dir='ltr'>auctorem&amp;</span> <span class='ocrx_word' id='word_1_123' title='bbox 1176 1999 1252 2065; x_wconf 91' lang='lat' dir='ltr'>Non</span> 
     </span>
     <span class='ocr_line' id='line_1_17' title="bbox 154 2095 1250 2195; baseline 0.001 -24"><span class='ocrx_word' id='word_1_124' title='bbox 154 2095 264 2173; x_wconf 81' lang='lat' dir='ltr'>tamen</span> <span class='ocrx_word' id='word_1_125' title='bbox 285 2108 475 2193; x_wconf 83' lang='lat' dir='ltr'>negaverim</span> <span class='ocrx_word' id='word_1_126' title='bbox 499 2110 673 2173; x_wconf 89' lang='lat' dir='ltr'>verborum</span> <span class='ocrx_word' id='word_1_127' title='bbox 697 2131 809 2173; x_wconf 88' lang='lat' dir='ltr'>eorum</span> <span class='ocrx_word' id='word_1_128' title='bbox 839 2109 915 2189; x_wconf 92' lang='lat' dir='ltr'>vim,</span> <span class='ocrx_word' id='word_1_129' title='bbox 947 2117 984 2173; x_wconf 88' lang='lat' dir='ltr'>ut</span> <span class='ocrx_word' id='word_1_130' title='bbox 1015 2128 1058 2172; x_wconf 84' lang='lat' dir='ltr'>ex</span> <span class='ocrx_word' id='word_1_131' title='bbox 1089 2109 1160 2195; x_wconf 88' lang='lat' dir='ltr'>ipso</span> <span class='ocrx_word' id='word_1_132' title='bbox 1193 2108 1250 2173; x_wconf 90' lang='lat' dir='ltr'>illo</span> 
     </span>
     <span class='ocr_line' id='line_1_18' title="bbox 154 2215 1249 2305; baseline 0.001 -25"><span class='ocrx_word' id='word_1_133' title='bbox 154 2215 299 2280; x_wconf 88' lang='lat' dir='ltr'>virorum</span> <span class='ocrx_word' id='word_1_134' title='bbox 331 2216 500 2280; x_wconf 85' lang='lat' dir='ltr'>docto1un1</span> <span class='ocrx_word' id='word_1_135' title='bbox 531 2217 679 2282; x_wconf 88' lang='lat' dir='ltr'>dissensu</span> <span class='ocrx_word' id='word_1_136' title='bbox 711 2225 855 2305; x_wconf 89' lang='lat' dir='ltr'>apparet,</span> <span class='ocrx_word' id='word_1_137' title='bbox 887 2218 996 2304; x_wconf 88' lang='lat' dir='ltr'>paullo</span> <span class='ocrx_word' id='word_1_138' title='bbox 1029 2218 1249 2281; x_wconf 83' lang='lat' dir='ltr'>obscuriorem</span> 
     </span>
     <span class='ocr_line' id='line_1_19' title="bbox 157 2325 1252 2411; baseline 0.003 -23"><span class='ocrx_word' id='word_1_139' title='bbox 157 2346 238 2409; x_wconf 88' lang='lat' dir='ltr'>esse,</span> <span class='ocrx_word' id='word_1_140' title='bbox 256 2327 465 2411; x_wconf 88' lang='lat' dir='ltr'>quamobrem</span> <span class='ocrx_word' id='word_1_141' title='bbox 477 2325 628 2390; x_wconf 89' lang='lat' dir='ltr'>lubenter</span> <span class='ocrx_word' id='word_1_142' title='bbox 640 2326 845 2409; x_wconf 84' lang='lat' dir='ltr'>crediderim,</span> <span class='ocrx_word' id='word_1_143' title='bbox 859 2327 892 2391; x_wconf 88' lang='lat' dir='ltr'>in</span> <span class='ocrx_word' id='word_1_144' title='bbox 909 2326 947 2391; x_wconf 91' lang='lat' dir='ltr'>iis</span> <span class='ocrx_word' id='word_1_145' title='bbox 961 2348 1042 2410; x_wconf 89' lang='lat' dir='ltr'>quae</span> <span class='ocrx_word' id='word_1_146' title='bbox 1058 2326 1252 2391; x_wconf 86' lang='lat' dir='ltr'>exciderunt</span> 
     </span>
     <span class='ocr_line' id='line_1_20' title="bbox 156 2433 1252 2520; baseline 0 -21"><span class='ocrx_word' id='word_1_147' title='bbox 156 2435 265 2512; x_wconf 84' lang='lat' dir='ltr'>fuisse,</span> <span class='ocrx_word' id='word_1_148' title='bbox 301 2456 382 2520; x_wconf 90' lang='lat' dir='ltr'>quae</span> <span class='ocrx_word' id='word_1_149' title='bbox 413 2433 482 2498; x_wconf 86' lang='lat' dir='ltr'>istis</span> <span class='ocrx_word' id='word_1_150' title='bbox 511 2435 620 2498; x_wconf 89' lang='lat' dir='ltr'>verbis</span> <span class='ocrx_word' id='word_1_151' title='bbox 644 2435 842 2499; x_wconf 86' lang='lat' dir='ltr'>inservirent</span> <span class='ocrx_word' id='word_1_152' title='bbox 866 2434 1079 2499; x_wconf 87' lang='lat' dir='ltr'>illustrandis.</span> <span class='ocrx_word' id='word_1_153' title='bbox 1124 2435 1252 2499; x_wconf 87' lang='lat' dir='ltr'>Desunt</span> 
     </span>
     <span class='ocr_line' id='line_1_21' title="bbox 156 2541 1249 2629; baseline 0.001 -22"><span class='ocrx_word' id='word_1_154' title='bbox 156 2544 295 2629; x_wconf 88' lang='lat' dir='ltr'>denique</span> <span class='ocrx_word' id='word_1_155' title='bbox 319 2568 349 2607; x_wconf 92' lang='lat' dir='ltr'>v.</span> <span class='ocrx_word' id='word_1_156' title='bbox 365 2541 489 2606; x_wconf 81' lang='lat'>81-83</span> <span class='ocrx_word' id='word_1_157' title='bbox 516 2543 548 2607; x_wconf 91' lang='lat' dir='ltr'>in</span> <span class='ocrx_word' id='word_1_158' title='bbox 571 2543 685 2609; x_wconf 85' lang='lat' dir='ltr'>codice</span> <span class='ocrx_word' id='word_1_159' title='bbox 710 2544 939 2623; x_wconf 71' lang='lat' dir='ltr'>Ambrosiam,</span> <span class='ocrx_word' id='word_1_160' title='bbox 969 2544 1031 2609; x_wconf 88' lang='lat' dir='ltr'>nisi</span> <span class='ocrx_word' id='word_1_161' title='bbox 1062 2545 1148 2628; x_wconf 88' lang='lat' dir='ltr'>quod</span> <span class='ocrx_word' id='word_1_162' title='bbox 1181 2545 1249 2608; x_wconf 80' lang='lat' dir='ltr'>‘eia&#39;</span> 
     </span>
     <span class='ocr_line' id='line_1_22' title="bbox 155 2652 1252 2741; baseline 0.003 -25"><span class='ocrx_word' id='word_1_163' title='bbox 155 2674 338 2739; x_wconf 90' lang='lat' dir='ltr'>pronomen</span> <span class='ocrx_word' id='word_1_164' title='bbox 358 2653 393 2718; x_wconf 91' lang='lat' dir='ltr'>in</span> <span class='ocrx_word' id='word_1_165' title='bbox 416 2652 507 2716; x_wconf 87' lang='lat' dir='ltr'>initio</span> <span class='ocrx_word' id='word_1_166' title='bbox 532 2653 614 2717; x_wconf 92' lang='lat' dir='ltr'>illud</span> <span class='ocrx_word' id='word_1_167' title='bbox 637 2677 668 2716; x_wconf 90' lang='lat' dir='ltr'>v.</span> <span class='ocrx_word' id='word_1_168' title='bbox 683 2653 724 2715; x_wconf 79' lang='lat'>84</span> <span class='ocrx_word' id='word_1_169' title='bbox 746 2654 887 2741; x_wconf 88' lang='lat' dir='ltr'>positum</span> <span class='ocrx_word' id='word_1_170' title='bbox 900 2663 1063 2718; x_wconf 89' lang='lat' dir='ltr'>servatum</span> <span class='ocrx_word' id='word_1_171' title='bbox 1076 2663 1134 2718; x_wconf 88' lang='lat' dir='ltr'>est.</span> <span class='ocrx_word' id='word_1_172' title='bbox 1157 2655 1252 2736; x_wconf 82' lang='lat' dir='ltr'>Quod</span> 
     </span>
     <span class='ocr_line' id='line_1_23' title="bbox 157 2760 1253 2848; baseline 0.004 -23"><span class='ocrx_word' id='word_1_173' title='bbox 157 2781 351 2848; x_wconf 88' lang='lat' dir='ltr'>quamquam</span> <span class='ocrx_word' id='word_1_174' title='bbox 384 2760 515 2824; x_wconf 89' lang='lat' dir='ltr'>minime</span> <span class='ocrx_word' id='word_1_175' title='bbox 550 2760 750 2825; x_wconf 89' lang='lat' dir='ltr'>demonstrat</span> <span class='ocrx_word' id='word_1_176' title='bbox 777 2761 958 2827; x_wconf 88' lang='lat' dir='ltr'>versiculos</span> <span class='ocrx_word' id='word_1_177' title='bbox 989 2762 1050 2826; x_wconf 89' lang='lat' dir='ltr'>hos</span> <span class='ocrx_word' id='word_1_178' title='bbox 1082 2785 1146 2826; x_wconf 91' lang='lat' dir='ltr'>non</span> <span class='ocrx_word' id='word_1_179' title='bbox 1182 2786 1253 2829; x_wconf 88' lang='lat' dir='ltr'>esse</span> 
     </span>
     <span class='ocr_line' id='line_1_24' title="bbox 155 2857 1251 2955; baseline 0.005 -23"><span class='ocrx_word' id='word_1_180' title='bbox 155 2868 334 2952; x_wconf 89' lang='lat' dir='ltr'>Plautinos,</span> <span class='ocrx_word' id='word_1_181' title='bbox 366 2869 441 2933; x_wconf 89' lang='lat' dir='ltr'>hinc</span> <span class='ocrx_word' id='word_1_182' title='bbox 461 2868 543 2933; x_wconf 91' lang='lat' dir='ltr'>illud</span> <span class='ocrx_word' id='word_1_183' title='bbox 570 2877 677 2933; x_wconf 88' lang='lat' dir='ltr'>tamen</span> <span class='ocrx_word' id='word_1_184' title='bbox 707 2881 853 2955; x_wconf 88' lang='lat' dir='ltr'>apparet,</span> <span class='ocrx_word' id='word_1_185' title='bbox 877 2871 1032 2935; x_wconf 86' lang='lat' dir='ltr'>hocloco</span> <span class='ocrx_word' id='word_1_186' title='bbox 1056 2871 1118 2934; x_wconf 89' lang='lat' dir='ltr'>iam</span> <span class='ocrx_word' id='word_1_187' title='bbox 1140 2857 1182 2936; x_wconf 38' lang='lat' dir='ltr'>in&#39;</span> <span class='ocrx_word' id='word_1_188' title='bbox 1197 2894 1251 2937; x_wconf 89' lang='lat' dir='ltr'>ve-</span> 
     </span>
     <span class='ocr_line' id='line_1_25' title="bbox 155 2976 1251 3058; baseline 0.001 -16"><span class='ocrx_word' id='word_1_189' title='bbox 155 2977 340 3042; x_wconf 88' lang='lat' dir='ltr'>tustissimis</span> <span class='ocrx_word' id='word_1_190' title='bbox 363 2977 454 3042; x_wconf 90' lang='lat' dir='ltr'>libris</span> <span class='ocrx_word' id='word_1_191' title='bbox 476 2980 587 3044; x_wconf 88' lang='lat' dir='ltr'>turbas</span> <span class='ocrx_word' id='word_1_192' title='bbox 609 2976 782 3058; x_wconf 74' lang='lat' dir='ltr'>exstitisse,</span> <span class='ocrx_word' id='word_1_193' title='bbox 808 2987 845 3041; x_wconf 92' lang='lat' dir='ltr'>ut</span> <span class='ocrx_word' id='word_1_194' title='bbox 867 2978 908 3042; x_wconf 92' lang='lat' dir='ltr'>de</span> <span class='ocrx_word' id='word_1_195' title='bbox 929 2980 1043 3044; x_wconf 86' lang='lat' dir='ltr'>lacuna</span> <span class='ocrx_word' id='word_1_196' title='bbox 1065 2981 1251 3045; x_wconf 86' lang='lat' dir='ltr'>coniectura</span> 
     </span>
     <span class='ocr_line' id='line_1_26' title="bbox 156 3087 1099 3154; baseline 0.002 -3"><span class='ocrx_word' id='word_1_197' title='bbox 156 3108 228 3151; x_wconf 92' lang='lat' dir='ltr'>mea</span> <span class='ocrx_word' id='word_1_198' title='bbox 250 3088 346 3151; x_wconf 87' lang='lat' dir='ltr'>etiam</span> <span class='ocrx_word' id='word_1_199' title='bbox 370 3087 573 3152; x_wconf 87' lang='lat' dir='ltr'>extrinsecus</span> <span class='ocrx_word' id='word_1_200' title='bbox 593 3111 658 3152; x_wconf 89' lang='lat' dir='ltr'>non</span> <span class='ocrx_word' id='word_1_201' title='bbox 681 3098 788 3152; x_wconf 84' lang='lat' dir='ltr'>carcat</span> <span class='ocrx_word' id='word_1_202' title='bbox 809 3088 1099 3154; x_wconf 84' lang='lat' dir='ltr'>commendatione.</span> 
     </span>
    </p>

    <p class='ocr_par' dir='ltr' id='par_1_3' title="bbox 154 3186 1304 4242">
     <span class='ocr_line' id='line_1_27' title="bbox 240 3186 1252 3282; baseline 0.001 -21"><span class='ocrx_word' id='word_1_203' title='bbox 240 3199 332 3280; x_wconf 83' lang='lat' dir='ltr'>Quae</span> <span class='ocrx_word' id='word_1_204' title='bbox 356 3218 398 3261; x_wconf 87' lang='lat' dir='ltr'>ex</span> <span class='ocrx_word' id='word_1_205' title='bbox 420 3197 479 3260; x_wconf 87' lang='lat' dir='ltr'>hac</span> <span class='ocrx_word' id='word_1_206' title='bbox 502 3197 613 3262; x_wconf 87' lang='lat' dir='ltr'>fabula</span> <span class='ocrx_word' id='word_1_207' title='bbox 644 3197 679 3260; x_wconf 89' lang='lat' dir='ltr'>in</span> <span class='ocrx_word' id='word_1_208' title='bbox 711 3197 907 3282; x_wconf 85' lang='lat' dir='ltr'>glossarium</span> <span class='ocrx_word' id='word_1_209' title='bbox 930 3197 1118 3262; x_wconf 91' lang='lat' dir='ltr'>Plautinum</span> <span class='ocrx_word' id='word_1_210' title='bbox 1145 3186 1163 3260; x_wconf 83' lang='lat' dir='ltr'>a</span> <span class='ocrx_word' id='word_1_211' title='bbox 1186 3198 1252 3263; x_wconf 87' lang='lat' dir='ltr'>Rit-</span> 
     </span>
     <span class='ocr_line' id='line_1_28' title="bbox 154 3305 1252 3392; baseline 0 -23"><span class='ocrx_word' id='word_1_212' title='bbox 154 3306 278 3371; x_wconf 88' lang='lat' dir='ltr'>schelio</span> <span class='ocrx_word' id='word_1_213' title='bbox 295 3305 376 3370; x_wconf 83' lang='lat'>1846</span> <span class='ocrx_word' id='word_1_214' title='bbox 392 3306 514 3370; x_wconf 89' lang='lat' dir='ltr'>editum</span> <span class='ocrx_word' id='word_1_215' title='bbox 536 3316 691 3392; x_wconf 87' lang='lat' dir='ltr'>excerpta</span> <span class='ocrx_word' id='word_1_216' title='bbox 713 3315 787 3371; x_wconf 91' lang='lat' dir='ltr'>sunt</span> <span class='ocrx_word' id='word_1_217' title='bbox 809 3306 977 3388; x_wconf 85' lang='lat' dir='ltr'>vocabula,</span> <span class='ocrx_word' id='word_1_218' title='bbox 1000 3307 1060 3370; x_wconf 90' lang='lat' dir='ltr'>tria</span> <span class='ocrx_word' id='word_1_219' title='bbox 1074 3316 1164 3372; x_wconf 87' lang='lat' dir='ltr'>sunt:</span> <span class='ocrx_word' id='word_1_220' title='bbox 1189 3311 1252 3370; x_wconf 83' lang='lat' dir='ltr'>‘ue-</span> 
     </span>
     <span class='ocr_line' id='line_1_29' title="bbox 155 3416 1254 3502; baseline 0.003 -25"><span class='ocrx_word' id='word_1_221' title='bbox 155 3418 203 3477; x_wconf 66' lang='grc' dir='ltr'>υἱ(</span> <span class='ocrx_word' id='word_1_222' title='bbox 229 3437 288 3500; x_wconf 90' lang='lat' dir='ltr'>pro</span> <span class='ocrx_word' id='word_1_223' title='bbox 314 3417 437 3478; x_wconf 74' lang='lat' dir='ltr'>recavis.</span> <span class='ocrx_word' id='word_1_224' title='bbox 469 3416 683 3499; x_wconf 63' lang='lat' dir='ltr'>plavisellata&#39;m.</span> <span class='ocrx_word' id='word_1_225' title='bbox 718 3416 875 3502; x_wconf 71' lang='lat' dir='ltr'>laryt&#39;ter’,</span> <span class='ocrx_word' id='word_1_226' title='bbox 913 3439 1049 3502; x_wconf 89' lang='lat' dir='ltr'>quorum</span> <span class='ocrx_word' id='word_1_227' title='bbox 1073 3416 1254 3502; x_wconf 83' lang='lat' dir='ltr'>posteriora</span> 
     </span>
     <span class='ocr_line' id='line_1_30' title="bbox 157 3509 1251 3608; baseline 0 -22"><span class='ocrx_word' id='word_1_228' title='bbox 157 3523 221 3588; x_wconf 92' lang='lat' dir='ltr'>duo</span> <span class='ocrx_word' id='word_1_229' title='bbox 244 3509 340 3588; x_wconf 88' lang='lat' dir='ltr'>etiam</span> <span class='ocrx_word' id='word_1_230' title='bbox 371 3523 469 3588; x_wconf 89' lang='lat' dir='ltr'>hodie</span> <span class='ocrx_word' id='word_1_231' title='bbox 499 3533 628 3588; x_wconf 83' lang='lat' dir='ltr'>exstant</span> <span class='ocrx_word' id='word_1_232' title='bbox 662 3524 1086 3608; x_wconf 71' lang='lat' dir='ltr'>11‚2,630t111,4‚49.</span> <span class='ocrx_word' id='word_1_233' title='bbox 1129 3523 1251 3587; x_wconf 77' lang='lat' dir='ltr'>‘Nauis&#39;</span> 
     </span>
     <span class='ocr_line' id='line_1_31' title="bbox 155 3632 1253 3720; baseline 0.001 -24"><span class='ocrx_word' id='word_1_234' title='bbox 155 3643 263 3697; x_wconf 87' lang='lat' dir='ltr'>autem</span> <span class='ocrx_word' id='word_1_235' title='bbox 287 3633 374 3720; x_wconf 89' lang='lat' dir='ltr'>quod</span> <span class='ocrx_word' id='word_1_236' title='bbox 409 3655 475 3697; x_wconf 91' lang='lat' dir='ltr'>non</span> <span class='ocrx_word' id='word_1_237' title='bbox 506 3632 637 3717; x_wconf 84' lang='lat' dir='ltr'>legitur,</span> <span class='ocrx_word' id='word_1_238' title='bbox 673 3633 755 3696; x_wconf 88' lang='lat' dir='ltr'>nihil</span> <span class='ocrx_word' id='word_1_239' title='bbox 789 3635 904 3709; x_wconf 89' lang='lat' dir='ltr'>obstat,</span> <span class='ocrx_word' id='word_1_240' title='bbox 937 3633 1013 3716; x_wconf 87' lang='lat' dir='ltr'>quin</span> <span class='ocrx_word' id='word_1_241' title='bbox 1047 3634 1109 3697; x_wconf 88' lang='lat' dir='ltr'>hoc</span> <span class='ocrx_word' id='word_1_242' title='bbox 1140 3634 1253 3697; x_wconf 88' lang='lat' dir='ltr'>lacuna</span> 
     </span>
     <span class='ocr_line' id='line_1_32' title="bbox 156 3741 1282 3830; baseline -0.001 -24"><span class='ocrx_word' id='word_1_243' title='bbox 156 3751 215 3806; x_wconf 89' lang='lat' dir='ltr'>act.</span> <span class='ocrx_word' id='word_1_244' title='bbox 231 3742 280 3825; x_wconf 91' lang='lat' dir='ltr'>Il,</span> <span class='ocrx_word' id='word_1_245' title='bbox 301 3743 379 3807; x_wconf 77' lang='lat' dir='ltr'>sc2</span> <span class='ocrx_word' id='word_1_246' title='bbox 404 3751 477 3830; x_wconf 91' lang='lat' dir='ltr'>post</span> <span class='ocrx_word' id='word_1_247' title='bbox 500 3765 527 3805; x_wconf 90' lang='lat' dir='ltr'>v.</span> <span class='ocrx_word' id='word_1_248' title='bbox 544 3743 564 3804; x_wconf 78' lang='lat' dir='ltr'>b</span> <span class='ocrx_word' id='word_1_249' title='bbox 584 3741 804 3806; x_wconf 83' lang='lat' dir='ltr'>demonstrata</span> <span class='ocrx_word' id='word_1_250' title='bbox 824 3742 973 3806; x_wconf 88' lang='lat' dir='ltr'>haustum</span> <span class='ocrx_word' id='word_1_251' title='bbox 994 3763 1064 3807; x_wconf 87' lang='lat' dir='ltr'>esse</span> <span class='ocrx_word' id='word_1_252' title='bbox 1080 3766 1253 3825; x_wconf 85' lang='lat' dir='ltr'>sumamus,</span> <span class='ocrx_word' id='word_1_253' title='bbox 1280 3757 1282 3760; x_wconf 76' lang='grc'>’</span> 
     </span>
     <span class='ocr_line' id='line_1_33' title="bbox 157 3851 1304 3939; baseline 0.001 -24"><span class='ocrx_word' id='word_1_254' title='bbox 157 3873 348 3935; x_wconf 85' lang='lat' dir='ltr'>quamquam</span> <span class='ocrx_word' id='word_1_255' title='bbox 366 3875 431 3916; x_wconf 91' lang='lat' dir='ltr'>non</span> <span class='ocrx_word' id='word_1_256' title='bbox 454 3852 480 3916; x_wconf 92' lang='lat' dir='ltr'>is</span> <span class='ocrx_word' id='word_1_257' title='bbox 503 3875 584 3933; x_wconf 86' lang='lat' dir='ltr'>sum,</span> <span class='ocrx_word' id='word_1_258' title='bbox 607 3851 660 3936; x_wconf 89' lang='lat' dir='ltr'>qui</span> <span class='ocrx_word' id='word_1_259' title='bbox 684 3851 909 3939; x_wconf 86' lang='lat' dir='ltr'>improbabilia</span> <span class='ocrx_word' id='word_1_260' title='bbox 932 3852 1027 3935; x_wconf 87' lang='lat' dir='ltr'>dieat,</span> <span class='ocrx_word' id='word_1_261' title='bbox 1048 3874 1129 3936; x_wconf 86' lang='lat' dir='ltr'>quae</span> <span class='ocrx_word' id='word_1_262' title='bbox 1152 3873 1190 3915; x_wconf 86' lang='lat' dir='ltr'>ea</span> <span class='ocrx_word' id='word_1_263' title='bbox 1212 3852 1252 3916; x_wconf 90' lang='lat' dir='ltr'>de</span> <span class='ocrx_word' id='word_1_264' title='bbox 1300 3883 1304 3886; x_wconf 48' lang='lat'><strong>⁴</strong></span> 
     </span>
     <span class='ocr_line' id='line_1_34' title="bbox 154 3954 1253 4047; baseline -0.001 -22"><span class='ocrx_word' id='word_1_265' title='bbox 154 3981 191 4024; x_wconf 89' lang='lat' dir='ltr'>re</span> <span class='ocrx_word' id='word_1_266' title='bbox 206 3960 361 4025; x_wconf 83' lang='lat' dir='ltr'>Hertuius</span> <span class='ocrx_word' id='word_1_267' title='bbox 377 3954 559 4047; x_wconf 79' lang='lat' dir='ltr'>suspicatus</span> <span class='ocrx_word' id='word_1_268' title='bbox 578 3960 672 4025; x_wconf 91' lang='lat' dir='ltr'>estin</span> <span class='ocrx_word' id='word_1_269' title='bbox 689 3960 845 4026; x_wconf 85' lang='lat' dir='ltr'>Prisciani</span> <span class='ocrx_word' id='word_1_270' title='bbox 859 3960 1002 4024; x_wconf 88' lang='lat' dir='ltr'>editione</span> <span class='ocrx_word' id='word_1_271' title='bbox 1014 3961 1079 4023; x_wconf 89' lang='lat' dir='ltr'>vol.</span> <span class='ocrx_word' id='word_1_272' title='bbox 1095 3960 1140 4040; x_wconf 91' lang='lat' dir='ltr'>II,</span> <span class='ocrx_word' id='word_1_273' title='bbox 1159 3984 1189 4046; x_wconf 93' lang='lat' dir='ltr'>p.</span> <span class='ocrx_word' id='word_1_274' title='bbox 1202 3961 1253 4026; x_wconf 84' lang='lat'>58.</span> 
     </span>
     <span class='ocr_line' id='line_1_35' title="bbox 157 4067 1254 4156; baseline 0.001 -25"><span class='ocrx_word' id='word_1_275' title='bbox 157 4069 267 4150; x_wconf 83' lang='lat' dir='ltr'>Quare</span> <span class='ocrx_word' id='word_1_276' title='bbox 290 4092 361 4131; x_wconf 89' lang='lat' dir='ltr'>cum</span> <span class='ocrx_word' id='word_1_277' title='bbox 385 4067 426 4132; x_wconf 90' lang='lat' dir='ltr'>de</span> <span class='ocrx_word' id='word_1_278' title='bbox 449 4090 487 4132; x_wconf 90' lang='lat' dir='ltr'>ea</span> <span class='ocrx_word' id='word_1_279' title='bbox 509 4068 626 4133; x_wconf 88' lang='lat' dir='ltr'>lacuna</span> <span class='ocrx_word' id='word_1_280' title='bbox 649 4069 860 4156; x_wconf 80' lang='lat' dir='ltr'>disputarem,</span> <span class='ocrx_word' id='word_1_281' title='bbox 888 4069 950 4132; x_wconf 85' lang='lat' dir='ltr'>hoc</span> <span class='ocrx_word' id='word_1_282' title='bbox 972 4077 1135 4153; x_wconf 87' lang='lat' dir='ltr'>tamquam</span> <span class='ocrx_word' id='word_1_283' title='bbox 1158 4090 1254 4153; x_wconf 83' lang='lat' dir='ltr'>argu·</span> 
     </span>
     <span class='ocr_line' id='line_1_36' title="bbox 156 4175 460 4242; baseline -0.01 0"><span class='ocrx_word' id='word_1_284' title='bbox 156 4187 267 4242; x_wconf 89' lang='lat' dir='ltr'>mento</span> <span class='ocrx_word' id='word_1_285' title='bbox 290 4177 337 4241; x_wconf 90' lang='lat' dir='ltr'>uti</span> <span class='ocrx_word' id='word_1_286' title='bbox 360 4175 460 4240; x_wconf 90' lang='lat' dir='ltr'>nolui.</span> 
     </span>
    </p>
   </div>
   <div class='ocr_carea' id='block_1_3' title="bbox 0 0 1415 4830">
    <p class='ocr_par' dir='ltr' id='par_1_4' title="bbox 0 0 1415 4830">
     <span class='ocr_line' id='line_1_37' title="bbox 0 0 1415 4830; baseline 0 0"><span class='ocrx_word' id='word_1_287' title='bbox 0 0 1415 4830; x_wconf 95' lang='lat' dir='ltr'> </span> 
     </span>
    </p>
   </div>
  </div>
 </body>
</html>
