<?xml version="1.0" encoding="UTF-8"?>
<!DOCTYPE html PUBLIC "-//W3C//DTD XHTML 1.0 Transitional//EN"
    "http://www.w3.org/TR/xhtml1/DTD/xhtml1-transitional.dtd">
<html xmlns="http://www.w3.org/1999/xhtml" xml:lang="en" lang="en">
 <head>
  <title>
</title>
<meta http-equiv="Content-Type" content="text/html;charset=utf-8" />
  <meta name='ocr-system' content='tesseract 3.04.00' />
  <meta name='ocr-capabilities' content='ocr_page ocr_carea ocr_par ocr_line ocrx_word'/>
</head>
<body>
  <div class='ocr_page' id='page_1' title='image "./deplautiepidico01muelgoog_0055.png"; bbox 0 0 2820 4830; ppageno 0'>
   <div class='ocr_carea' id='block_1_1' title="bbox 717 292 759 359">
    <p class='ocr_par' dir='ltr' id='par_1_1' title="bbox 717 292 759 359">
     <span class='ocr_line' id='line_1_1' title="bbox 717 292 759 359; baseline 0 0"><span class='ocrx_word' id='word_1_1' title='bbox 717 292 759 359; x_wconf 83' lang='grc'><em>46</em></span> 
     </span>
    </p>
   </div>
   <div class='ocr_carea' id='block_1_2' title="bbox 189 463 1320 3716">
    <p class='ocr_par' dir='ltr' id='par_1_2' title="bbox 189 463 1294 1326">
     <span class='ocr_line' id='line_1_2' title="bbox 194 463 1292 564; baseline -0.002 -22"><span class='ocrx_word' id='word_1_2' title='bbox 194 463 319 544; x_wconf 87' lang='lat' dir='ltr'><em>formae</em></span> <span class='ocrx_word' id='word_1_3' title='bbox 344 502 416 545; x_wconf 89' lang='lat' dir='ltr'><em>cnm</em></span> <span class='ocrx_word' id='word_1_4' title='bbox 441 479 569 563; x_wconf 83' lang='lat' dir='ltr'><em>graecis</em></span> <span class='ocrx_word' id='word_1_5' title='bbox 591 486 783 564; x_wconf 81' lang='lat' dir='ltr'><em>congruant,</em></span> <span class='ocrx_word' id='word_1_6' title='bbox 814 477 991 543; x_wconf 86' lang='lat' dir='ltr'>tenendum</span> <span class='ocrx_word' id='word_1_7' title='bbox 1023 478 1064 544; x_wconf 88' lang='lat' dir='ltr'>sit</span> <span class='ocrx_word' id='word_1_8' title='bbox 1094 499 1162 541; x_wconf 89' lang='lat' dir='ltr'><em>rem</em></span> <span class='ocrx_word' id='word_1_9' title='bbox 1198 475 1292 542; x_wconf 91' lang='lat' dir='ltr'>nobis</span> 
     </span>
     <span class='ocr_line' id='line_1_3' title="bbox 191 584 1292 672; baseline -0.002 -22"><span class='ocrx_word' id='word_1_10' title='bbox 191 607 263 652; x_wconf 86' lang='lat' dir='ltr'>esse</span> <span class='ocrx_word' id='word_1_11' title='bbox 286 611 359 652; x_wconf 89' lang='lat' dir='ltr'><em>eum</em></span> <span class='ocrx_word' id='word_1_12' title='bbox 380 587 547 653; x_wconf 84' lang='lat' dir='ltr'><em>vocabulis</em></span> <span class='ocrx_word' id='word_1_13' title='bbox 569 592 733 672; x_wconf 88' lang='lat' dir='ltr'><em>tamquam</em></span> <span class='ocrx_word' id='word_1_14' title='bbox 756 586 857 651; x_wconf 91' lang='lat' dir='ltr'><em>latina</em></span> <span class='ocrx_word' id='word_1_15' title='bbox 878 596 972 651; x_wconf 87' lang='lat' dir='ltr'>veste</span> <span class='ocrx_word' id='word_1_16' title='bbox 995 585 1129 650; x_wconf 78' lang='lat' dir='ltr'>indutie.</span> <span class='ocrx_word' id='word_1_17' title='bbox 1160 584 1292 671; x_wconf 87' lang='lat' dir='ltr'><em>Itaque,</em></span> 
     </span>
     <span class='ocr_line' id='line_1_4' title="bbox 189 695 1292 785; baseline -0.002 -25"><span class='ocrx_word' id='word_1_18' title='bbox 189 704 227 760; x_wconf 85' lang='lat' dir='ltr'>ut</span> <span class='ocrx_word' id='word_1_19' title='bbox 249 697 400 785; x_wconf 85' lang='lat' dir='ltr'><em>exempla</em></span> <span class='ocrx_word' id='word_1_20' title='bbox 420 697 566 781; x_wconf 87' lang='lat' dir='ltr'><em>afferam,</em></span> <span class='ocrx_word' id='word_1_21' title='bbox 589 696 835 762; x_wconf 87' lang='lat' dir='ltr'>eoncedendum</span> <span class='ocrx_word' id='word_1_22' title='bbox 867 697 929 761; x_wconf 88' lang='lat' dir='ltr'>erit</span> <span class='ocrx_word' id='word_1_23' title='bbox 951 721 969 760; x_wconf 90' lang='lat' dir='ltr'><em>a</em></span> <span class='ocrx_word' id='word_1_24' title='bbox 988 696 1136 761; x_wconf 86' lang='lat' dir='ltr'>vocalem</span> <span class='ocrx_word' id='word_1_25' title='bbox 1165 695 1199 759; x_wconf 93' lang='lat' dir='ltr'><em>in</em></span> <span class='ocrx_word' id='word_1_26' title='bbox 1235 716 1292 758; x_wconf 91' lang='lat' dir='ltr'><em>no·</em></span> 
     </span>
     <span class='ocr_line' id='line_1_5' title="bbox 191 802 1292 893; baseline -0.005 -23"><span class='ocrx_word' id='word_1_27' title='bbox 191 804 342 889; x_wconf 72' lang='lat' dir='ltr'><em>minibuS,</em></span> <span class='ocrx_word' id='word_1_28' title='bbox 354 828 437 892; x_wconf 90' lang='lat' dir='ltr'><em>quae</em></span> <span class='ocrx_word' id='word_1_29' title='bbox 450 807 535 893; x_wconf 87' lang='lat' dir='ltr'><em>apud</em></span> <span class='ocrx_word' id='word_1_30' title='bbox 547 805 699 869; x_wconf 88' lang='lat' dir='ltr'><em>Plautum</em></span> <span class='ocrx_word' id='word_1_31' title='bbox 712 815 897 889; x_wconf 87' lang='lat' dir='ltr'><em>ooourrunt,</em></span> <span class='ocrx_word' id='word_1_32' title='bbox 907 802 1098 887; x_wconf 69' lang='lat' dir='ltr'><em>‘Canthus-a,</em></span> <span class='ocrx_word' id='word_1_33' title='bbox 1110 804 1292 884; x_wconf 75' lang='lat' dir='ltr'><em>Palaestra,</em></span> 
     </span>
     <span class='ocr_line' id='line_1_6' title="bbox 192 911 1292 990; baseline -0.002 -14"><span class='ocrx_word' id='word_1_34' title='bbox 192 914 310 978; x_wconf 83' lang='lat' dir='ltr'><em>Aetua’</em></span> <span class='ocrx_word' id='word_1_35' title='bbox 333 938 399 980; x_wconf 91' lang='lat' dir='ltr'><em>non</em></span> <span class='ocrx_word' id='word_1_36' title='bbox 420 915 581 979; x_wconf 86' lang='lat' dir='ltr'><em>diversam</em></span> <span class='ocrx_word' id='word_1_37' title='bbox 606 935 676 978; x_wconf 86' lang='lat' dir='ltr'>esse</span> <span class='ocrx_word' id='word_1_38' title='bbox 700 913 740 976; x_wconf 86' lang='lat' dir='ltr'><em>ab</em></span> <span class='ocrx_word' id='word_1_39' title='bbox 764 937 781 976; x_wconf 89' lang='lat' dir='ltr'><em>a</em></span> <span class='ocrx_word' id='word_1_40' title='bbox 800 912 906 977; x_wconf 82' lang='lat' dir='ltr'><em>vocali</em></span> <span class='ocrx_word' id='word_1_41' title='bbox 927 914 961 977; x_wconf 93' lang='lat' dir='ltr'><em>in</em></span> <span class='ocrx_word' id='word_1_42' title='bbox 983 912 1150 978; x_wconf 82' lang='lat' dir='ltr'><em>vocabulis</em></span> <span class='ocrx_word' id='word_1_43' title='bbox 1169 911 1292 990; x_wconf 68' lang='lat' dir='ltr'><em>‘Sosiaj</em></span> 
     </span>
     <span class='ocr_line' id='line_1_7' title="bbox 191 1013 1294 1108; baseline -0.003 -21"><span class='ocrx_word' id='word_1_44' title='bbox 191 1023 328 1104; x_wconf 80' lang='lat' dir='ltr'><em>Latona,</em></span> <span class='ocrx_word' id='word_1_45' title='bbox 358 1024 553 1108; x_wconf 78' lang='lat' dir='ltr'><em>tarpessita&#39;,</em></span> <span class='ocrx_word' id='word_1_46' title='bbox 577 1023 744 1087; x_wconf 88' lang='lat' dir='ltr'>similibus.</span> <span class='ocrx_word' id='word_1_47' title='bbox 789 1013 1006 1107; x_wconf 43' lang='lat' dir='ltr'><em>Iure&#39;igi&#39;tur,</em></span> <span class='ocrx_word' id='word_1_48' title='bbox 1039 1020 1126 1106; x_wconf 91' lang='lat' dir='ltr'><em>quod</em></span> <span class='ocrx_word' id='word_1_49' title='bbox 1159 1020 1200 1084; x_wconf 90' lang='lat' dir='ltr'><em>ad</em></span> <span class='ocrx_word' id='word_1_50' title='bbox 1229 1020 1294 1085; x_wconf 88' lang='lat' dir='ltr'><em>hoe</em></span> 
     </span>
     <span class='ocr_line' id='line_1_8' title="bbox 192 1129 1294 1218; baseline -0.002 -23"><span class='ocrx_word' id='word_1_51' title='bbox 192 1129 323 1218; x_wconf 75' lang='lat' dir='ltr'>quidem</span> <span class='ocrx_word' id='word_1_52' title='bbox 345 1129 469 1212; x_wconf 85' lang='lat' dir='ltr'><em>attinet,</em></span> <span class='ocrx_word' id='word_1_53' title='bbox 490 1129 727 1196; x_wconf 86' lang='lat' dir='ltr'>Fleckeisenus</span> <span class='ocrx_word' id='word_1_54' title='bbox 749 1129 832 1194; x_wconf 89' lang='lat' dir='ltr'>tales</span> <span class='ocrx_word' id='word_1_55' title='bbox 852 1151 981 1216; x_wconf 87' lang='lat' dir='ltr'>quoque</span> <span class='ocrx_word' id='word_1_56' title='bbox 1003 1152 1117 1196; x_wconf 83' lang='lat' dir='ltr'>versus</span> <span class='ocrx_word' id='word_1_57' title='bbox 1141 1129 1174 1193; x_wconf 91' lang='lat' dir='ltr'><em>in</em></span> <span class='ocrx_word' id='word_1_58' title='bbox 1197 1151 1294 1194; x_wconf 91' lang='lat' dir='ltr'><em>suum</em></span> 
     </span>
     <span class='ocr_line' id='line_1_9' title="bbox 189 1239 752 1326; baseline 0.002 -23"><span class='ocrx_word' id='word_1_59' title='bbox 189 1262 284 1305; x_wconf 89' lang='lat' dir='ltr'><em>usum</em></span> <span class='ocrx_word' id='word_1_60' title='bbox 309 1239 480 1322; x_wconf 86' lang='lat' dir='ltr'>convertit,</span> <span class='ocrx_word' id='word_1_61' title='bbox 503 1239 615 1326; x_wconf 86' lang='lat' dir='ltr'><em>quales</em></span> <span class='ocrx_word' id='word_1_62' title='bbox 635 1239 752 1304; x_wconf 86' lang='lat' dir='ltr'>babes:</span> 
     </span>
    </p>

    <p class='ocr_par' dir='ltr' id='par_1_3' title="bbox 275 1322 1293 1438">
     <span class='ocr_line' id='line_1_10' title="bbox 275 1322 1293 1438; baseline -0.004 -25"><span class='ocrx_word' id='word_1_63' title='bbox 275 1348 373 1438; x_wconf 83' lang='lat' dir='ltr'>Epid.</span> <span class='ocrx_word' id='word_1_64' title='bbox 392 1349 453 1433; x_wconf 94' lang='lat' dir='ltr'><em>IV,</em></span> <span class='ocrx_word' id='word_1_65' title='bbox 475 1348 580 1432; x_wconf 75' lang='lat'><em>1,40:</em></span> <span class='ocrx_word' id='word_1_66' title='bbox 602 1347 671 1414; x_wconf 76' lang='lat' dir='ltr'><em>Fac</em></span> <span class='ocrx_word' id='word_1_67' title='bbox 690 1348 830 1429; x_wconf 88' lang='lat' dir='ltr'><em>videam,</em></span> <span class='ocrx_word' id='word_1_68' title='bbox 855 1347 880 1411; x_wconf 92' lang='lat' dir='ltr'><em>si</em></span> <span class='ocrx_word' id='word_1_69' title='bbox 905 1349 958 1410; x_wconf 79' lang='lat' dir='ltr'><em>me</em></span> <span class='ocrx_word' id='word_1_70' title='bbox 980 1347 1029 1410; x_wconf 87' lang='lat' dir='ltr'><em>vis</em></span> <span class='ocrx_word' id='word_1_71' title='bbox 1046 1346 1159 1410; x_wconf 88' lang='lat' dir='ltr'>vivere</span> <span class='ocrx_word' id='word_1_72' title='bbox 1180 1368 1198 1409; x_wconf 83' lang='lat' dir='ltr'><em>a</em></span> <span class='ocrx_word' id='word_1_73' title='bbox 1218 1322 1293 1410; x_wconf 69' lang='lat' dir='ltr'><em>Eho</em></span> 
     </span>
    </p>

    <p class='ocr_par' dir='ltr' id='par_1_4' title="bbox 837 1453 1248 1537">
     <span class='ocr_line' id='line_1_11' title="bbox 837 1453 1248 1537; baseline 0.002 -19"><span class='ocrx_word' id='word_1_74' title='bbox 837 1455 942 1537; x_wconf 84' lang='lat' dir='ltr'>istinc,</span> <span class='ocrx_word' id='word_1_75' title='bbox 969 1453 1146 1536; x_wconf 68' lang='lat' dir='ltr'><em>Canthart,</em></span> <span class='ocrx_word' id='word_1_76' title='bbox 1171 1453 1248 1519; x_wconf 89' lang='lat' dir='ltr'>iube</span> 
     </span>
    </p>

    <p class='ocr_par' dir='ltr' id='par_1_5' title="bbox 275 1546 1320 1649">
     <span class='ocr_line' id='line_1_12' title="bbox 275 1546 1320 1649; baseline -0.001 -18"><span class='ocrx_word' id='word_1_77' title='bbox 275 1566 374 1632; x_wconf 90' lang='lat' dir='ltr'>Assin</span> <span class='ocrx_word' id='word_1_78' title='bbox 398 1566 476 1630; x_wconf 78' lang='lat'><strong>739:</strong></span> <span class='ocrx_word' id='word_1_79' title='bbox 502 1564 659 1649; x_wconf 76' lang='lat' dir='ltr'><em>Leonida,</em></span> <span class='ocrx_word' id='word_1_80' title='bbox 680 1585 776 1629; x_wconf 90' lang='lat' dir='ltr'><em>eurre</em></span> <span class='ocrx_word' id='word_1_81' title='bbox 798 1564 943 1645; x_wconf 76' lang='lat' dir='ltr'><em>obsecro,</em></span> <span class='ocrx_word' id='word_1_82' title='bbox 967 1573 1091 1648; x_wconf 85' lang='lat' dir='ltr'><em>patrem</em></span> <span class='ocrx_word' id='word_1_83' title='bbox 1114 1563 1177 1627; x_wconf 82' lang='lat' dir='ltr'>hile</span> <span class='ocrx_word' id='word_1_84' title='bbox 1199 1546 1320 1630; x_wconf 50' lang='lat' dir='ltr'><em>orato·</em></span> 
     </span>
    </p>

    <p class='ocr_par' dir='ltr' id='par_1_6' title="bbox 191 1671 1294 1981">
     <span class='ocr_line' id='line_1_13' title="bbox 1074 1671 1248 1738; baseline 0.006 -2"><span class='ocrx_word' id='word_1_85' title='bbox 1074 1683 1110 1736; x_wconf 96' lang='lat' dir='ltr'>ut</span> <span class='ocrx_word' id='word_1_86' title='bbox 1129 1671 1248 1738; x_wconf 78' lang='lat' dir='ltr'>veniat.</span> 
     </span>
     <span class='ocr_line' id='line_1_14' title="bbox 191 1780 1294 1872; baseline -0.005 -20"><span class='ocrx_word' id='word_1_87' title='bbox 191 1810 211 1851; x_wconf 86' lang='lat' dir='ltr'><em>a</em></span> <span class='ocrx_word' id='word_1_88' title='bbox 227 1785 343 1872; x_wconf 90' lang='lat' dir='ltr'>quibus</span> <span class='ocrx_word' id='word_1_89' title='bbox 359 1784 399 1848; x_wconf 88' lang='lat' dir='ltr'><em>ad</em></span> <span class='ocrx_word' id='word_1_90' title='bbox 421 1792 564 1847; x_wconf 89' lang='lat' dir='ltr'><em>nostram</em></span> <span class='ocrx_word' id='word_1_91' title='bbox 580 1782 712 1869; x_wconf 90' lang='lat' dir='ltr'>quidem</span> <span class='ocrx_word' id='word_1_92' title='bbox 731 1782 955 1866; x_wconf 87' lang='lat' dir='ltr'>quaestionem</span> <span class='ocrx_word' id='word_1_93' title='bbox 969 1804 1034 1846; x_wconf 93' lang='lat' dir='ltr'><em>non</em></span> <span class='ocrx_word' id='word_1_94' title='bbox 1052 1780 1173 1865; x_wconf 86' lang='lat' dir='ltr'>differt,</span> <span class='ocrx_word' id='word_1_95' title='bbox 1196 1805 1294 1869; x_wconf 88' lang='lat' dir='ltr'>quem</span> 
     </span>
     <span class='ocr_line' id='line_1_15' title="bbox 191 1892 444 1981; baseline -0.016 -22"><span class='ocrx_word' id='word_1_96' title='bbox 191 1895 261 1981; x_wconf 92' lang='lat' dir='ltr'>ipse</span> <span class='ocrx_word' id='word_1_97' title='bbox 283 1892 444 1976; x_wconf 82' lang='lat' dir='ltr'><em>adiungo:</em></span> 
     </span>
    </p>

    <p class='ocr_par' dir='ltr' id='par_1_7' title="bbox 277 1976 1079 2087">
     <span class='ocr_line' id='line_1_16' title="bbox 277 1976 1079 2087; baseline -0.002 -20"><span class='ocrx_word' id='word_1_98' title='bbox 277 2000 373 2068; x_wconf 84' lang='lat' dir='ltr'><em>Cure.</em></span> <span class='ocrx_word' id='word_1_99' title='bbox 399 2001 476 2064; x_wconf 77' lang='lat'><strong>192:</strong></span> <span class='ocrx_word' id='word_1_100' title='bbox 500 1976 643 2082; x_wconf 65' lang='lat' dir='ltr'><em>Ebriola,</em></span> <span class='ocrx_word' id='word_1_101' title='bbox 666 2000 824 2087; x_wconf 76' lang='lat' dir='ltr'><em>persolla,</em></span> <span class='ocrx_word' id='word_1_102' title='bbox 843 2021 950 2084; x_wconf 80' lang='lat' dir='ltr'><em>nugae</em></span> <span class='ocrx_word' id='word_1_103' title='bbox 977 2038 1013 2047; x_wconf 90' lang='lat'>-</span> <span class='ocrx_word' id='word_1_104' title='bbox 1029 2000 1079 2083; x_wconf 76' lang='lat'><strong>¹⁰).</strong></span> 
     </span>
    </p>

    <p class='ocr_par' dir='ltr' id='par_1_8' title="bbox 192 2108 1294 2742">
     <span class='ocr_line' id='line_1_17' title="bbox 275 2108 1294 2196; baseline -0.002 -18"><span class='ocrx_word' id='word_1_105' title='bbox 275 2110 343 2178; x_wconf 85' lang='lat' dir='ltr'><em>Sed</em></span> <span class='ocrx_word' id='word_1_106' title='bbox 364 2132 405 2173; x_wconf 92' lang='lat' dir='ltr'>ne</span> <span class='ocrx_word' id='word_1_107' title='bbox 429 2110 510 2175; x_wconf 87' lang='lat' dir='ltr'><em>haee</em></span> <span class='ocrx_word' id='word_1_108' title='bbox 535 2108 666 2194; x_wconf 90' lang='lat' dir='ltr'>quidem</span> <span class='ocrx_word' id='word_1_109' title='bbox 686 2109 823 2173; x_wconf 86' lang='lat' dir='ltr'>multum</span> <span class='ocrx_word' id='word_1_110' title='bbox 844 2109 954 2173; x_wconf 85' lang='lat' dir='ltr'><em>valere</em></span> <span class='ocrx_word' id='word_1_111' title='bbox 986 2119 1075 2195; x_wconf 90' lang='lat' dir='ltr'>puto.</span> <span class='ocrx_word' id='word_1_112' title='bbox 1127 2108 1294 2196; x_wconf 81' lang='lat' dir='ltr'><em>Compara</em></span> 
     </span>
     <span class='ocr_line' id='line_1_18' title="bbox 196 2217 1293 2306; baseline 0 -22"><span class='ocrx_word' id='word_1_113' title='bbox 196 2219 281 2284; x_wconf 89' lang='lat' dir='ltr'>enim</span> <span class='ocrx_word' id='word_1_114' title='bbox 306 2219 392 2284; x_wconf 87' lang='lat' dir='ltr'>inter</span> <span class='ocrx_word' id='word_1_115' title='bbox 412 2241 467 2283; x_wconf 88' lang='lat' dir='ltr'>se:</span> <span class='ocrx_word' id='word_1_116' title='bbox 497 2218 531 2282; x_wconf 93' lang='lat' dir='ltr'><em>in</em></span> <span class='ocrx_word' id='word_1_117' title='bbox 553 2218 701 2284; x_wconf 86' lang='lat' dir='ltr'><em>omnibus</em></span> <span class='ocrx_word' id='word_1_118' title='bbox 724 2219 871 2301; x_wconf 85' lang='lat' dir='ltr'><em>verbum,</em></span> <span class='ocrx_word' id='word_1_119' title='bbox 895 2217 935 2282; x_wconf 84' lang='lat' dir='ltr'>de</span> <span class='ocrx_word' id='word_1_120' title='bbox 958 2240 1021 2306; x_wconf 92' lang='lat' dir='ltr'><em>quo</em></span> <span class='ocrx_word' id='word_1_121' title='bbox 1043 2218 1161 2304; x_wconf 86' lang='lat' dir='ltr'><em>agitur,</em></span> <span class='ocrx_word' id='word_1_122' title='bbox 1185 2221 1293 2284; x_wconf 84' lang='lat' dir='ltr'><em>excla-</em></span> 
     </span>
     <span class='ocr_line' id='line_1_19' title="bbox 192 2327 1291 2416; baseline 0.002 -24"><span class='ocrx_word' id='word_1_123' title='bbox 192 2329 310 2393; x_wconf 87' lang='lat' dir='ltr'>mantis</span> <span class='ocrx_word' id='word_1_124' title='bbox 333 2350 404 2393; x_wconf 88' lang='lat' dir='ltr'>esse</span> <span class='ocrx_word' id='word_1_125' title='bbox 427 2328 583 2416; x_wconf 85' lang='lat' dir='ltr'>reperies,</span> <span class='ocrx_word' id='word_1_126' title='bbox 605 2335 642 2392; x_wconf 90' lang='lat' dir='ltr'>ut</span> <span class='ocrx_word' id='word_1_127' title='bbox 664 2349 730 2392; x_wconf 89' lang='lat' dir='ltr'><em>non</em></span> <span class='ocrx_word' id='word_1_128' title='bbox 753 2327 795 2391; x_wconf 88' lang='lat' dir='ltr'><em>sis</em></span> <span class='ocrx_word' id='word_1_129' title='bbox 813 2327 1027 2412; x_wconf 77' lang='lat' dir='ltr'>dubitaturuS,</span> <span class='ocrx_word' id='word_1_130' title='bbox 1044 2329 1122 2415; x_wconf 90' lang='lat' dir='ltr'>quin</span> <span class='ocrx_word' id='word_1_131' title='bbox 1134 2329 1211 2392; x_wconf 89' lang='lat' dir='ltr'><em>talia</em></span> <span class='ocrx_word' id='word_1_132' title='bbox 1223 2351 1291 2394; x_wconf 92' lang='lat' dir='ltr'><em>non</em></span> 
     </span>
     <span class='ocr_line' id='line_1_20' title="bbox 192 2436 1291 2524; baseline 0 -22"><span class='ocrx_word' id='word_1_133' title='bbox 192 2439 331 2524; x_wconf 91' lang='lat' dir='ltr'>probent</span> <span class='ocrx_word' id='word_1_134' title='bbox 354 2460 373 2500; x_wconf 88' lang='lat' dir='ltr'><em>a</em></span> <span class='ocrx_word' id='word_1_135' title='bbox 393 2437 514 2501; x_wconf 85' lang='lat' dir='ltr'><em>vocalis</em></span> <span class='ocrx_word' id='word_1_136' title='bbox 537 2436 796 2523; x_wconf 82' lang='lat' dir='ltr'><em>productionem,</em></span> <span class='ocrx_word' id='word_1_137' title='bbox 819 2436 877 2499; x_wconf 88' lang='lat' dir='ltr'>sed</span> <span class='ocrx_word' id='word_1_138' title='bbox 901 2458 919 2500; x_wconf 91' lang='lat' dir='ltr'>e</span> <span class='ocrx_word' id='word_1_139' title='bbox 940 2459 1042 2523; x_wconf 88' lang='lat' dir='ltr'><em>pausa</em></span> <span class='ocrx_word' id='word_1_140' title='bbox 1066 2437 1153 2502; x_wconf 89' lang='lat' dir='ltr'><em>omni</em></span> <span class='ocrx_word' id='word_1_141' title='bbox 1183 2438 1291 2502; x_wconf 82' lang='lat' dir='ltr'><em>excla-</em></span> 
     </span>
     <span class='ocr_line' id='line_1_21' title="bbox 192 2530 1293 2632; baseline 0 -22"><span class='ocrx_word' id='word_1_142' title='bbox 192 2545 333 2611; x_wconf 86' lang='lat' dir='ltr'><em>matione</em></span> <span class='ocrx_word' id='word_1_143' title='bbox 354 2545 539 2611; x_wconf 78' lang='lat' dir='ltr'>necessario</span> <span class='ocrx_word' id='word_1_144' title='bbox 564 2530 754 2611; x_wconf 41' lang='lat' dir='ltr'>oriente&#39;sit</span> <span class='ocrx_word' id='word_1_145' title='bbox 777 2545 981 2632; x_wconf 88' lang='lat' dir='ltr'><em>explicanda.</em></span> <span class='ocrx_word' id='word_1_146' title='bbox 1035 2547 1096 2614; x_wconf 90' lang='lat' dir='ltr'><em>His</em></span> <span class='ocrx_word' id='word_1_147' title='bbox 1120 2554 1155 2610; x_wconf 90' lang='lat' dir='ltr'>ut</span> <span class='ocrx_word' id='word_1_148' title='bbox 1185 2546 1293 2612; x_wconf 82' lang='lat' dir='ltr'>simile</span> 
     </span>
     <span class='ocr_line' id='line_1_22' title="bbox 193 2654 754 2742; baseline 0.004 -24"><span class='ocrx_word' id='word_1_149' title='bbox 193 2655 317 2742; x_wconf 90' lang='lat' dir='ltr'><em>aliquid</em></span> <span class='ocrx_word' id='word_1_150' title='bbox 340 2656 486 2734; x_wconf 87' lang='lat' dir='ltr'><em>afferam,</em></span> <span class='ocrx_word' id='word_1_151' title='bbox 511 2654 582 2741; x_wconf 91' lang='lat' dir='ltr'>quis</span> <span class='ocrx_word' id='word_1_152' title='bbox 604 2655 754 2720; x_wconf 89' lang='lat' dir='ltr'>tandem:</span> 
     </span>
    </p>

    <p class='ocr_par' dir='ltr' id='par_1_9' title="bbox 190 2763 1294 2938">
     <span class='ocr_line' id='line_1_23' title="bbox 279 2763 1294 2851; baseline 0 -22"><span class='ocrx_word' id='word_1_153' title='bbox 279 2763 376 2829; x_wconf 83' lang='lat' dir='ltr'><em>Oura.</em></span> <span class='ocrx_word' id='word_1_154' title='bbox 389 2764 467 2830; x_wconf 79' lang='lat'>599:</span> <span class='ocrx_word' id='word_1_155' title='bbox 491 2764 708 2848; x_wconf 70' lang='lat' dir='ltr'><em>Phaedromo,</em></span> <span class='ocrx_word' id='word_1_156' title='bbox 732 2765 883 2851; x_wconf 73' lang='lat' dir='ltr'><em>propera.</em></span> <span class='ocrx_word' id='word_1_157' title='bbox 898 2787 916 2830; x_wconf 77' lang='lat' dir='ltr'><em>z:</em></span> <span class='ocrx_word' id='word_1_158' title='bbox 931 2764 1019 2846; x_wconf 83' lang='lat' dir='ltr'>Quid</span> <span class='ocrx_word' id='word_1_159' title='bbox 1031 2764 1231 2851; x_wconf 83' lang='lat' dir='ltr'><strong>properem?</strong></span> <span class='ocrx_word' id='word_1_160' title='bbox 1255 2801 1294 2810; x_wconf 91' lang='lat'>-</span> 
     </span>
     <span class='ocr_line' id='line_1_24' title="bbox 190 2871 760 2938; baseline 0.002 -2"><span class='ocrx_word' id='word_1_161' title='bbox 190 2873 244 2937; x_wconf 88' lang='lat' dir='ltr'>vel</span> <span class='ocrx_word' id='word_1_162' title='bbox 265 2871 346 2937; x_wconf 85' lang='lat' dir='ltr'><em>adeo</em></span> <span class='ocrx_word' id='word_1_163' title='bbox 372 2872 517 2938; x_wconf 87' lang='lat' dir='ltr'>eiusdem</span> <span class='ocrx_word' id='word_1_164' title='bbox 543 2873 607 2938; x_wconf 83' lang='lat' dir='ltr'><em>fab.</em></span> <span class='ocrx_word' id='word_1_165' title='bbox 627 2894 657 2938; x_wconf 88' lang='lat' dir='ltr'><em>v.</em></span> <span class='ocrx_word' id='word_1_166' title='bbox 681 2872 760 2937; x_wconf 78' lang='lat'>166:</span> 
     </span>
    </p>

    <p class='ocr_par' dir='ltr' id='par_1_10' title="bbox 191 2979 1294 3716">
     <span class='ocr_line' id='line_1_25' title="bbox 277 2979 617 3064; baseline -0.003 -19"><span class='ocrx_word' id='word_1_167' title='bbox 277 2979 444 3064; x_wconf 69' lang='lat' dir='ltr'><em>Palinure,</em></span> <span class='ocrx_word' id='word_1_168' title='bbox 464 2979 617 3046; x_wconf 78' lang='lat' dir='ltr'><em>Palinure</em></span> 
     </span>
     <span class='ocr_line' id='line_1_26' title="bbox 191 3088 1293 3175; baseline -0.001 -21"><span class='ocrx_word' id='word_1_169' title='bbox 191 3090 273 3154; x_wconf 84' lang='lat' dir='ltr'><em>haee</em></span> <span class='ocrx_word' id='word_1_170' title='bbox 296 3100 460 3175; x_wconf 82' lang='lat' dir='ltr'><em>tamquam</em></span> <span class='ocrx_word' id='word_1_171' title='bbox 482 3114 547 3154; x_wconf 92' lang='lat' dir='ltr'><em>uno</em></span> <span class='ocrx_word' id='word_1_172' title='bbox 572 3090 753 3174; x_wconf 90' lang='lat' dir='ltr'>eodemque</span> <span class='ocrx_word' id='word_1_173' title='bbox 779 3088 925 3153; x_wconf 84' lang='lat' dir='ltr'><em>anhelitu</em></span> <span class='ocrx_word' id='word_1_174' title='bbox 948 3088 1034 3154; x_wconf 90' lang='lat' dir='ltr'><em>diota</em></span> <span class='ocrx_word' id='word_1_175' title='bbox 1059 3110 1129 3154; x_wconf 89' lang='lat' dir='ltr'>esse</span> <span class='ocrx_word' id='word_1_176' title='bbox 1155 3088 1216 3153; x_wconf 92' lang='lat' dir='ltr'>sibi</span> <span class='ocrx_word' id='word_1_177' title='bbox 1244 3089 1293 3153; x_wconf 91' lang='lat' dir='ltr'><em>in-</em></span> 
     </span>
     <span class='ocr_line' id='line_1_27' title="bbox 192 3197 1292 3284; baseline 0 -22"><span class='ocrx_word' id='word_1_178' title='bbox 192 3198 374 3263; x_wconf 82' lang='lat' dir='ltr'><em>formabit?</em></span> <span class='ocrx_word' id='word_1_179' title='bbox 418 3197 487 3263; x_wconf 81' lang='lat' dir='ltr'><em>Vix</em></span> <span class='ocrx_word' id='word_1_180' title='bbox 509 3198 699 3280; x_wconf 81' lang='lat' dir='ltr'><em>errabimus,</em></span> <span class='ocrx_word' id='word_1_181' title='bbox 728 3197 762 3262; x_wconf 89' lang='lat' dir='ltr'><em>in</em></span> <span class='ocrx_word' id='word_1_182' title='bbox 794 3198 911 3262; x_wconf 85' lang='lat' dir='ltr'>talibus</span> <span class='ocrx_word' id='word_1_183' title='bbox 946 3197 973 3263; x_wconf 94' lang='lat' dir='ltr'><em>si</em></span> <span class='ocrx_word' id='word_1_184' title='bbox 1003 3221 1137 3284; x_wconf 89' lang='lat' dir='ltr'><em>pausam</em></span> <span class='ocrx_word' id='word_1_185' title='bbox 1173 3199 1292 3263; x_wconf 85' lang='lat' dir='ltr'><em>factam</em></span> 
     </span>
     <span class='ocr_line' id='line_1_28' title="bbox 192 3305 1293 3393; baseline 0 -23"><span class='ocrx_word' id='word_1_186' title='bbox 192 3327 264 3370; x_wconf 85' lang='lat' dir='ltr'>esse</span> <span class='ocrx_word' id='word_1_187' title='bbox 287 3329 461 3389; x_wconf 82' lang='lat' dir='ltr'><em>sumemus,</em></span> <span class='ocrx_word' id='word_1_188' title='bbox 492 3329 586 3392; x_wconf 86' lang='lat' dir='ltr'><em>quam</em></span> <span class='ocrx_word' id='word_1_189' title='bbox 613 3309 653 3371; x_wconf 96' lang='lat' dir='ltr'><em>ob</em></span> <span class='ocrx_word' id='word_1_190' title='bbox 680 3307 780 3371; x_wconf 88' lang='lat' dir='ltr'><em>solam</em></span> <span class='ocrx_word' id='word_1_191' title='bbox 803 3307 939 3371; x_wconf 83' lang='lat' dir='ltr'>brevem</span> <span class='ocrx_word' id='word_1_192' title='bbox 964 3307 1125 3393; x_wconf 84' lang='lat' dir='ltr'><em>syllabam</em></span> <span class='ocrx_word' id='word_1_193' title='bbox 1146 3305 1293 3392; x_wconf 83' lang='lat' dir='ltr'>potuisse</span> 
     </span>
     <span class='ocr_line' id='line_1_29' title="bbox 191 3410 1286 3506; baseline 0.002 -32"><span class='ocrx_word' id='word_1_194' title='bbox 191 3410 289 3475; x_wconf 86' lang='lat' dir='ltr'><em>ursim</em></span> <span class='ocrx_word' id='word_1_195' title='bbox 318 3411 421 3496; x_wconf 88' lang='lat' dir='ltr'>ferre;</span> <span class='ocrx_word' id='word_1_196' title='bbox 450 3435 518 3506; x_wconf 35' lang='lat' dir='ltr'>&#39;neo</span> <span class='ocrx_word' id='word_1_197' title='bbox 548 3413 609 3477; x_wconf 87' lang='lat' dir='ltr'>fuit</span> <span class='ocrx_word' id='word_1_198' title='bbox 637 3413 698 3477; x_wconf 85' lang='lat' dir='ltr'><em>alia</em></span> <span class='ocrx_word' id='word_1_199' title='bbox 729 3437 833 3496; x_wconf 85' lang='lat' dir='ltr'><em>eausa,</em></span> <span class='ocrx_word' id='word_1_200' title='bbox 869 3437 927 3477; x_wconf 91' lang='lat' dir='ltr'><em>eur</em></span> <span class='ocrx_word' id='word_1_201' title='bbox 951 3425 1066 3500; x_wconf 87' lang='lat' dir='ltr'>poetae</span> <span class='ocrx_word' id='word_1_202' title='bbox 1089 3413 1123 3477; x_wconf 90' lang='lat' dir='ltr'><em>in</em></span> <span class='ocrx_word' id='word_1_203' title='bbox 1148 3413 1286 3477; x_wconf 81' lang='lat' dir='ltr'>vocibus</span> 
     </span>
     <span class='ocr_line' id='line_1_30' title="bbox 192 3520 1294 3606; baseline 0.001 -23"><span class='ocrx_word' id='word_1_204' title='bbox 192 3520 418 3593; x_wconf 81' lang='lat' dir='ltr'><em>exclamationi</em></span> <span class='ocrx_word' id='word_1_205' title='bbox 450 3520 702 3587; x_wconf 84' lang='lat' dir='ltr'>inservientibus</span> <span class='ocrx_word' id='word_1_206' title='bbox 737 3531 803 3586; x_wconf 88' lang='lat' dir='ltr'><em>tam</em></span> <span class='ocrx_word' id='word_1_207' title='bbox 840 3524 1046 3606; x_wconf 87' lang='lat' dir='ltr'>frequentem</span> <span class='ocrx_word' id='word_1_208' title='bbox 1076 3521 1137 3586; x_wconf 90' lang='lat' dir='ltr'>sibi</span> <span class='ocrx_word' id='word_1_209' title='bbox 1169 3522 1294 3585; x_wconf 90' lang='lat' dir='ltr'><em>hiatum</em></span> 
     </span>
     <span class='ocr_line' id='line_1_31' title="bbox 192 3628 820 3716; baseline 0.002 -24"><span class='ocrx_word' id='word_1_210' title='bbox 192 3628 429 3716; x_wconf 86' lang='lat' dir='ltr'>permitterent.</span> <span class='ocrx_word' id='word_1_211' title='bbox 818 3637 820 3642; x_wconf 69' lang='grc'><em>“</em></span> 
     </span>
    </p>
   </div>
   <div class='ocr_carea' id='block_1_3' title="bbox 192 3737 1294 3913">
    <p class='ocr_par' dir='ltr' id='par_1_11' title="bbox 192 3737 1294 3913">
     <span class='ocr_line' id='line_1_32' title="bbox 279 3737 1294 3840; baseline 0.003 -40"><span class='ocrx_word' id='word_1_212' title='bbox 279 3737 348 3840; x_wconf 68' lang='lat' dir='ltr'>Mil.</span> <span class='ocrx_word' id='word_1_213' title='bbox 372 3737 473 3804; x_wconf 85' lang='lat' dir='ltr'><em>Geor.</em></span> <span class='ocrx_word' id='word_1_214' title='bbox 494 3762 524 3804; x_wconf 86' lang='lat' dir='ltr'><em>v.</em></span> <span class='ocrx_word' id='word_1_215' title='bbox 551 3741 630 3806; x_wconf 82' lang='lat'>1065</span> <span class='ocrx_word' id='word_1_216' title='bbox 653 3763 713 3827; x_wconf 89' lang='lat' dir='ltr'><em>pre</em></span> <span class='ocrx_word' id='word_1_217' title='bbox 736 3740 921 3825; x_wconf 86' lang='lat' dir='ltr'>septenario</span> <span class='ocrx_word' id='word_1_218' title='bbox 953 3739 1160 3827; x_wconf 81' lang='lat' dir='ltr'><em>anapaestico</em></span> <span class='ocrx_word' id='word_1_219' title='bbox 1191 3738 1294 3803; x_wconf 87' lang='lat' dir='ltr'><em>haece</em></span> 
     </span>
     <span class='ocr_line' id='line_1_33' title="bbox 192 3846 423 3913; baseline 0 -1"><span class='ocrx_word' id='word_1_220' title='bbox 192 3846 312 3912; x_wconf 87' lang='lat' dir='ltr'><em>tradita</em></span> <span class='ocrx_word' id='word_1_221' title='bbox 336 3856 423 3913; x_wconf 84' lang='lat' dir='ltr'>sunt:</span> 
     </span>
    </p>
   </div>
   <div class='ocr_carea' id='block_1_4' title="bbox 194 3999 392 4010">
    <p class='ocr_par' dir='ltr' id='par_1_12' title="bbox 194 3999 392 4010">
     <span class='ocr_line' id='line_1_34' title="bbox 194 3999 392 4010; baseline -0.01 -1"><span class='ocrx_word' id='word_1_222' title='bbox 194 3999 392 4010; x_wconf 79' lang='grc'><em>----</em></span> 
     </span>
    </p>
   </div>
   <div class='ocr_carea' id='block_1_5' title="bbox 195 4083 1292 4265">
    <p class='ocr_par' dir='ltr' id='par_1_13' title="bbox 195 4083 1292 4265">
     <span class='ocr_line' id='line_1_35' title="bbox 267 4083 1292 4166; baseline 0 -25"><span class='ocrx_word' id='word_1_223' title='bbox 267 4088 310 4157; x_wconf 84' lang='grc'><em>10)</em></span> <span class='ocrx_word' id='word_1_224' title='bbox 330 4087 383 4158; x_wconf 84' lang='lat' dir='ltr'><em>Vp.</em></span> <span class='ocrx_word' id='word_1_225' title='bbox 404 4107 410 4141; x_wconf 77' lang='grc' dir='ltr'><strong><em>ε</em></strong></span> <span class='ocrx_word' id='word_1_226' title='bbox 432 4087 550 4143; x_wconf 84' lang='lat' dir='ltr'><em>Ebriola</em></span> <span class='ocrx_word' id='word_1_227' title='bbox 570 4083 695 4166; x_wconf 84' lang='lat' dir='ltr'>persolet</span> <span class='ocrx_word' id='word_1_228' title='bbox 714 4105 805 4158; x_wconf 83' lang='lat' dir='ltr'><em>nugae</em></span> <span class='ocrx_word' id='word_1_229' title='bbox 824 4119 859 4128; x_wconf 95' lang='lat'><em>-</em></span> <span class='ocrx_word' id='word_1_230' title='bbox 879 4089 1018 4158; x_wconf 77' lang='lat' dir='ltr'><em>‘pernulla’</em></span> <span class='ocrx_word' id='word_1_231' title='bbox 1039 4109 1138 4144; x_wconf 77' lang='lat' dir='ltr'><em>manas</em></span> <span class='ocrx_word' id='word_1_232' title='bbox 1163 4095 1292 4145; x_wconf 78' lang='lat' dir='ltr'><em>secanda.</em></span> 
     </span>
     <span class='ocr_line' id='line_1_36' title="bbox 195 4184 796 4265; baseline 0.005 -27"><span class='ocrx_word' id='word_1_233' title='bbox 195 4184 320 4265; x_wconf 81' lang='lat' dir='ltr'><em>ebriolae</em></span> <span class='ocrx_word' id='word_1_234' title='bbox 338 4184 463 4254; x_wconf 85' lang='lat' dir='ltr'><em>persolla</em></span> <span class='ocrx_word' id='word_1_235' title='bbox 482 4202 489 4238; x_wconf 75' lang='grc' dir='ltr'>ε</span> <span class='ocrx_word' id='word_1_236' title='bbox 511 4189 600 4240; x_wconf 76' lang='lat' dir='ltr'>Flecte.</span> <span class='ocrx_word' id='word_1_237' title='bbox 621 4192 650 4240; x_wconf 75' lang='lat' dir='ltr'><em>ta</em></span> <span class='ocrx_word' id='word_1_238' title='bbox 669 4191 796 4241; x_wconf 72' lang='lat' dir='ltr'>editione.</span> 
     </span>
    </p>
   </div>
   <div class='ocr_carea' id='block_1_6' title="bbox 0 0 1418 4830">
    <p class='ocr_par' dir='ltr' id='par_1_14' title="bbox 0 0 1418 4830">
     <span class='ocr_line' id='line_1_37' title="bbox 0 0 1418 4830; baseline 0 0"><span class='ocrx_word' id='word_1_239' title='bbox 0 0 1418 4830; x_wconf 95' lang='lat' dir='ltr'><em> </em></span> 
     </span>
    </p>
   </div>
  </div>
 </body>
</html>
