2820 4830
686 281 728 352 25

157 471 240 537 hacc
263 469 403 558 scenal)
427 495 445 535 a
470 470 589 535 Plauto
611 488 677 536 ιιιιο
702 469 886 556 eodemque
909 489 1058 553 numero,
1088 468 1256 535 trochaico

159 579 244 663 dico,
269 581 454 668 conscripta
476 590 535 647 est.
579 579 619 646 Id
642 581 730 645 enim
750 581 901 668 profecto
933 580 1049 666 negari
1075 578 1191 665 nequit
1221 579 1256 644 in

159 690 318 756 diverbiis
342 691 472 775 quidam
495 698 624 778 poetae,
654 688 717 752 uisi
739 688 766 753 is
789 698 894 754 artem
916 689 951 753 in
980 689 1160 754 ludibrium
1184 711 1255 755 ver·

157 808 228 863 tere
250 798 341 881 velit,
366 821 521 863 numeros
538 797 610 863 sinc
623 798 708 862 insta
725 821 823 863 cansa
833 809 1023 886 permutare
1041 799 1129 864 haud
1141 798 1254 864 licere.

158 907 263 992 Atqui
285 908 370 971 hanc
396 928 529 971 scenam
557 906 819 992 quotiescunque
848 907 998 994 perlego,
1029 904 1085 991 qui
1114 926 1156 970 ex
1185 903 1256 969 eius

104 1024 109 1035 '
157 1026 353 1103 argumento
375 1015 429 1080 isti
449 1037 663 1081 numerorum
686 1016 840 1082 licentiae
863 1016 1032 1081 excusatio
1054 1012 1163 1102 parari
1180 1034 1254 1100 pos·

157 1125 209 1208 sit,
232 1147 299 1189 non
320 1124 435 1196 video:
459 1147 497 1190 ea
520 1125 606 1190 enim
630 1136 680 1191 est
699 1149 820 1209 rerum,
843 1147 925 1217 quac
945 1126 998 1190 hic
1010 1133 1200 1206 tractantur,
1222 1132 1256 1189 ct

158 1233 311 1317 cognatio
335 1241 367 1298 et
389 1231 598 1316 continuitas,
622 1254 661 1298 ea
681 1232 716 1296 in
737 1232 888 1318 servulis,
911 1255 1051 1319 quorum
1072 1233 1111 1316 is,
1131 1232 1187 1318 qui
1206 1232 1254 1296 vi·

157 1338 268 1406 'vacior
293 1350 352 1424 est,
383 1349 516 1423 metum,
547 1363 612 1426 qno
642 1341 795 1425 agitatur,
825 1343 977 1430 reprimit
1000 1351 1033 1407 et
1061 1341 1255 1424 dissimulat,

155 1452 339 1517 animorum
367 1450 585 1535 mediocritas,
617 1461 653 1516 ut
682 1452 739 1517 tali
768 1475 886 1519 scenae
916 1476 1019 1519 unum
1051 1453 1255 1543 aptissimum

157 1582 229 1625 csse
252 1582 427 1626 numerum
449 1560 529 1624 mihi
550 1583 743 1648 persuasum
763 1561 814 1627 sit.
859 1562 936 1632 Scio
959 1562 1125 1648 equidem,
1153 1562 1188 1626 in
1211 1571 1255 1626 ta-

155 1669 241 1734 libus
263 1669 351 1734 hunc
372 1677 504 1756 poetam
526 1691 561 1734 se
583 1690 649 1732 non
663 1671 879 1736 severissimis
892 1671 1023 1756 lcgibus
1038 1669 1254 1736 adstrinxissc

155 1777 455 1862 memorabilesque
485 1777 548 1841 hoc
576 1778 611 1841 in
638 1800 765 1864 genere
794 1801 866 1846 esse
898 1778 1056 1866 quasdam
1087 1803 1129 1846 ex
1150 1780 1255 1845 Persa

156 1908 283 1970 scenas,
318 1910 382 1972 qua
411 1885 453 1950 de
481 1909 518 1951 re
543 1887 696 1952 conferas
717 1888 818 1953 velim
836 1887 996 1954 Ritscheli
1018 1890 1123 1976 praef.
1143 1913 1176 1977 p.
1193 1888 1254 1955 IX.

158 1997 316 2061 Attamen
339 1996 438 2062 hasce
467 2019 582 2061 scenas
608 2019 819 2062 numerorum
850 1997 984 2062 licentia
1015 1999 1200 2084 singulares
1226 1997 1253 2062 si

157 2128 232 2170 cnm
254 2115 366 2170 nostra
387 2127 430 2171 cx
452 2105 590 2193 Epidico
614 2105 860 2189 contulerimus,
892 2108 1072 2172 maximum
1091 2106 1133 2170 ad
1153 2128 1252 2191 argu·

156 2223 301 2278 mentum
323 2223 492 2299 totumquo
504 2213 650 2279 habitum
663 2213 863 2279 discrimen
853 2214 1063 2281 intercedere
1075 2214 1252 2297 neminem,

156 2322 283 2409 opinor,
308 2323 413 2387 fallet.
444 2323 586 2389 Multum
606 2333 716 2388 tamen
738 2323 882 2408 abest,u
861 2323 1129 2412 utapriori,ut
1092 2323 1252 2407 utaiunt‚

154 2430 379 2497 ratiocinando
400 2452 471 2496 rem
492 2429 705 2496 confecturus
729 2431 841 2515 sim3
832 2455 931 2497 immo
950 2433 1105 2497 adeamus
1119 2454 1252 2496 scenam

154 2540 400 2625 videamusque,
421 2550 500 2624 quot
523 2538 655 2604 tandem
678 2538 743 2604 sint
761 2539 929 2623 versiculi,
952 2540 1008 2625 qui
1029 2538 1214 2605 sentcntiae
1235 2561 1254 2602 a
1312 2604 1314 2607 ,

155 2669 207 2712 mc
230 2646 389 2713 defensae
419 2670 457 2712 re
488 2669 569 2712 vera
592 2647 733 2712 obstent.
777 2646 850 2729 Qua
881 2648 916 2712 in
949 2647 1191 2736 computatione
1226 2645 1253 2710 si

155 2757 314 2843 quidquid
335 2756 502 2822 trochaica
522 2756 591 2841 logi
610 2767 729 2845 potest,
749 2758 826 2844 lego
849 2757 1015 2823 trochaice
1037 2757 1183 2842 itemque
1197 2778 1254 2822 eos

154 2886 280 2948 versus,
309 2888 390 2950 quos
414 2865 483 2930 leni
507 2865 686 2932 mutatione
717 2891 754 2931 ac
784 2888 846 2954 per
875 2887 911 2931 se
940 2875 989 2931 sat
1020 2865 1184 2954 probabili
1212 2865 1254 2929 ad

153 2975 337 3040 trochaicos
361 2997 514 3040 numeros
537 2998 695 3048 revocare
719 2976 809 3060 licet,
842 2976 993 3058 emendo,
1023 2997 1065 3040 ex
1089 2973 1138 3057 iis,
1168 2996 1253 3059 quac

154 3105 252 3170 supra
272 3083 422 3170 exposui,
444 3081 540 3146 venia
562 3083 641 3147 mihi
666 3093 778 3171 parata
801 3093 881 3150 esto.
917 3081 986 3152 Sed
1001 3082 1159 3170 paneade
1174 3082 1253 3146 Am·

154 3191 306 3255 brosiano
328 3201 404 3256 sunt
424 3191 675 3278 praemittenda.

238 3300 418 3369 Sciendum
442 3301 530 3366 enim
553 3311 612 3383 est,
589 3300 810 3366 texordium
833 3300 965 3368 fabulae
986 3322 1091 3385 usque
1114 3299 1155 3365 ad
1170 3324 1201 3366 v.
1212 3300 1254 3366 24

154 3410 188 3472 in
211 3409 325 3474 codice
355 3431 487 3495 quoque
513 3410 735 3476 Ambrosiano
760 3421 926 3474 servatum
955 3430 1038 3474 esse
1082 3408 1148 3490 Qui
1178 3432 1253 3474 cum

155 3517 190 3580 in
214 3517 323 3582 verbis
344 3541 362 3580 a
383 3518 517 3583 Veteris
539 3518 697 3583 memoria
719 3541 785 3582 non
813 3518 951 3582 multum
975 3517 1117 3600 differat,
1142 3517 1253 3602 singu·

153 3625 257 3690 larem
279 3626 379 3691 habet
389 3649 569 3714 paucorum
582 3649 737 3692 versuum
750 3626 1018 3714 descriptionem,
1041 3626 1130 3690 illam
1143 3634 1253 3690 tamen

152 3734 234 3799 adeo
258 3736 385 3818 miram,
411 3745 448 3800 ut
470 3736 557 3823 apud
580 3759 632 3802 me
654 3737 787 3822 quidem
815 3738 876 3801 hac
906 3736 940 3798 in
969 3757 1006 3800 re
1032 3736 1133 3801 fidem
1162 3758 1252 3800 suam

154 3843 253 3931 plane
278 3843 448 3930 infringat.
481 3845 562 3911 Post
582 3868 698 3910 vorsus
722 3845 809 3910 enim
835 3845 916 3909 1-2
936 3843 1025 3908 haud
1050 3842 1149 3910 dubie
1173 3866 1251 3929 qua-

225 4079 253 4147 2)
270 4077 423 4132 Brevitatis
452 4096 537 4133 causa
564 4079 646 4134 liceat
674 4081 715 4135 sic
741 4080 885 4150 appellare
910 4096 1056 4133 servorum
1081 4076 1253 4146 colloquium

151 4190 178 4226 v.
190 4174 225 4227 74
245 4170 366 4224 finitum.
