2820 4830
594 277 693 344 x23

126 466 206 539 erat,
231 458 290 523 sed
313 457 465 525 didicisse
489 483 523 526 se
548 461 667 547 omnis,
689 484 773 548 quoe
794 461 941 546 disiisset,
974 486 1037 550 qua
1059 463 1100 529 d'e
1124 468 1222 529 cause

124 588 190 630 non
209 566 334 652 dubito,
349 569 428 654 quin
441 571 724 658 transponendum
738 571 794 637 sit:
817 570 969 658 didici,
993 595 1094 658 quae
1116 571 1220 654 dixi,

123 698 270 745 omnia.

208 787 240 864 7)
264 787 306 870 V,
328 787 358 870 2,
382 789 519 853 10-11:

204 897 394 963 Duddecim
403 898 453 964 dis
464 901 537 987 plus
548 923 646 986 quom
655 901 689 964 iu
701 902 793 967 coelo
804 901 974 968 deorumst
985 901 1219 967 immorttlium

209 1007 290 1073 Mitti
312 1031 400 1073 nunc
421 1009 544 1074 auxilio
567 1010 731 1075 tdiutoros
755 1013 885 1076 suntet
909 1034 1039 1076 mecum
1069 1011 1221 1076 militent.

207 1123 333 1205 Quibus
356 1124 391 1188 in
414 1125 524 1190 verbis
546 1125 603 1189 alii
626 1124 723 1190 aliter
736 1133 956 1190 correxerunt
967 1122 1030 1187 viri
1043 1122 1142 1206 docti,
1165 1122 1221 1208 qui

123 1242 233 1296 tamen
256 1233 300 1315 id,
331 1234 453 1320 inquo
477 1234 631 1320 equidem
661 1233 805 1298 maxime
837 1232 981 1315 offendo,
1011 1255 1077 1298 non
1103 1231 1221 1318 tetige-

122 1351 210 1406 runt.
254 1341 413 1430 Epidicus
436 1344 534 1425 enim,
557 1343 612 1428 qui
634 1343 697 1408 hoc
718 1342 827 1407 dicere
840 1343 922 1425 vult,
944 1366 1032 1407 nune
1046 1343 1108 1407 sibi
1125 1343 1221 1407 etiam

123 1451 237 1538 plures
261 1475 356 1537 quom
382 1452 557 1517 duodecim
578 1453 612 1516 in
635 1451 729 1516 coelo
752 1450 832 1517 deos
856 1452 914 1530 (cf.
930 1451 973 1535 V,
992 1453 1020 1536 1,
1037 1453 1072 1536 4)
1097 1451 1221 1516 auxilio

124 1558 250 1640 adesse,
274 1559 550 1644 quomadmodum
571 1583 649 1625 sana
670 1562 796 1625 ratione
826 1582 950 1643 eorum,
978 1582 1060 1645 quos
1088 1569 1222 1648 praeter

127 1667 321 1756 Olympicos
344 1668 510 1734 adiutores
533 1669 642 1754 habet,
669 1692 843 1734 numerum
864 1669 912 1736 sie
947 1668 1085 1734 definire
1114 1664 1222 1755 quest,

127 1778 232 1842 fateor
253 1800 305 1842 me
330 1801 396 1843 uon
420 1800 637 1863 concoquere.
670 1778 739 1845 Gur
762 1777 937 1844 duodecim
960 1778 1130 1866 appellat?
1152 1777 1222 1844 Gur

128 1909 194 1951 non
215 1887 360 1971 viginti?
392 1887 434 1952 Et
461 1888 539 1973 quid
568 1889 702 1953 omnino
729 1889 764 1952 in
789 1911 927 1953 numero
951 1887 1101 1975 leporis‘?
1135 1886 1222 1968 Quo·

127 1996 214 2061 niam
244 2007 352 2064 autem
375 1998 528 2064 Plautum
556 2009 620 2063 tom
650 1999 762 2086 inepte
790 1999 933 2063 iocatum
961 2019 1031 2064 esse
1061 1995 1221 2063 credibile

127 2127 192 2169 non
217 2115 275 2188 est,
300 2105 387 2190 vide,
417 2129 496 2170 num
520 2107 587 2172 leni
609 2106 788 2172 mutatione
809 2106 1067 2195 probabiliorem
1088 2129 1223 2172 sensum

127 2214 307 2279 efficiemus
329 2216 373 2281 sic
398 2215 598 2282 scribentes:

209 2323 398 2390 Duddeeim
417 2324 451 2389 di
472 2325 615 2414 plusque
636 2346 734 2410 quam
764 2323 798 2387 in
826 2324 919 2390 coelo
950 2323 1065 2415 tdeost
1092 2325 1222 2389 immor-

1066 2433 1180 2499 telium

206 2539 286 2605 Mihi
308 2562 396 2606 nunc
419 2541 543 2606 auxilio
568 2541 734 2607 adiutores
757 2544 832 2607 snut
853 2578 904 2608 -.

124 2649 167 2714 Et
190 2649 217 2714 si
238 2650 273 2713 in
296 2650 408 2738 priore
431 2673 530 2717 versu
554 2653 644 2716 ‘deis'
665 2661 702 2716 ut
724 2652 960 2717 nominativum
985 2661 1119 2740 epoeta
1142 2652 1221 2717 scri-

123 2769 217 2847 ptum
240 2760 352 2841 fuisse,
376 2770 412 2825 ut
435 2785 513 2827 sane
534 2763 623 2846 licet,
653 2763 866 2847 sumamusl),
896 2761 974 2826 hinc
998 2784 1095 2848 quem
1122 2761 1221 2827 facile

123 2869 269 2956 potuerit
289 2870 436 2953 genuina
459 2871 624 2960 scriptura
643 2872 760 2937 vitium
782 2871 977 2937 contrahere
989 2871 1024 2934 in
1035 2880 1150 2959 aperto
1161 2880 1220 2937 est.

206 2977 440 3063 &QQQ

209 3086 283 3152 Tibi
305 3110 431 3151 moram
454 3087 546 3171 facis,
569 3110 643 3152 cum
663 3109 726 3173 ego
749 3088 875 3154 solutus
896 3088 1004 3172 adst03
1034 3088 1146 3172 alligo,
1173 3087 1221 3152 in·

927 3224 1034 3288 quom,
1048 3199 1180 3284 collige.

126 3308 183 3376 Sic
208 3309 332 3392 legitur
354 3310 389 3374 in
412 3311 546 3396 vulgata
575 3321 680 3376 metro
702 3312 806 3377 nullo.
851 3310 949 3392 Quod
971 3320 1008 3376 ut
1032 3310 1223 3375 restitueret

124 3417 263 3482 Bothius
292 3442 353 3506 pro
382 3421 484 3486 verbo
517 3420 634 3484 ‘adsto’
656 3420 799 3508 simplex
820 3421 931 3508 posuit
961 3421 1044 3505 ‘oto’,
1074 3428 1222 3484 ceterum

37 3586 39 3589 ,
124 3526 247 3591 inillis
273 3529 398 3614 ίαἰίίρα,
423 3532 565 3615 inquom,
589 3531 721 3617 collipa'
742 3551 809 3593 non
828 3527 1010 3596 offendens.
1044 3528 1136 3609 Quae
1149 3550 1222 3592 cum

124 3657 185 3722 per
210 3659 244 3700 se
271 3637 352 3701 mire
376 3637 463 3702 dicta
483 3638 618 3721 luerint,
650 3639 704 3702 hic
732 3638 832 3724 plone
860 3639 969 3703 locum
998 3636 1222 3721 nonhabent,

125 3746 281 3829 quoniam
301 3769 368 3812 non
391 3748 432 3813 de
455 3748 625 3831 alligando
650 3748 709 3814 sed
732 3748 944 3814 demonibus
973 3755 1097 3813 tontum
1129 3745 1221 3811 colli·

125 3854 243 3939 gaudis
264 3875 371 3918 sermo
394 3863 454 3918 est.
497 3853 539 3919 V.
564 3854 629 3918 hui.
652 3877 698 3920 sc.
723 3880 755 3918 v.
779 3856 828 3937 17,
852 3856 902 3940 19,
923 3855 974 3938 23,
993 3855 1045 3940 29,
1068 3856 1119 3920 bl.
1162 3855 1222 3919 At

197 4069 224 4138 b)
242 4069 274 4123 V.
294 4070 329 4124 de
347 4070 399 4124 hac
416 4070 615 4126 terminatione
633 4072 790 4128 vetustiore
806 4073 1059 4142 quaoRitsohelius
1079 4072 1222 4138 disseruit,

124 4167 197 4220 Mus.
215 4166 305 4220 Rhen.
323 4167 379 4222 vol.
389 4167 438 4227 IX,
455 4185 483 4237 p.
495 4170 546 4223 156
556 4185 598 4237 sq.
