2820 4830
682 235 724 300 43

157 422 324 488 culcntum
347 430 389 505 et,
412 443 548 508 quarum
567 421 602 487 in
626 419 1067 486 codieeAmbrosianonihil
1089 427 1255 484 servatum

158 541 218 616 cst,
238 531 526 617 Amphitruonem,
547 530 744 614 Asinariam,
767 528 1010 596 Curculionem.
1046 527 1255 594 Canticorum

156 650 266 704 tamen
287 639 543 723 liberiorumque
569 649 745 704 metrorum
766 638 926 704 rationem
949 661 1017 704 non
1038 637 1148 720 habui,
1169 635 1256 723 qnod

157 748 212 836 qui
235 770 349 812 eorum
373 749 499 813 noverit
511 748 737 813 condicionem
750 747 939 834 tenebitque
952 748 985 813 in
997 747 1053 812 tali
1067 746 1256 834 quaestione

156 880 176 946 a
195 855 389 921 certioribus
412 856 682 944 proficiscendum
707 880 866 923 essenon
888 857 1095 944 improbabit.

242 967 295 1032 Ex
317 965 367 1031 his
394 975 549 1052 quantum
575 990 593 1030 a
615 967 740 1031 ratione
751 966 968 1033 Fleckeiseno
989 965 1023 1030 in
1045 967 1104 1030 hae
1126 987 1162 1029 re
1183 986 1257 1051 pro·

154 1079 229 1142 bata
252 1098 323 1140 mea
344 1075 473 1140 differat
499 1075 607 1139 statim
630 1074 809 1161 apparebit.
853 1076 886 1140 Is
919 1075 1017 1157 enim,
1048 1096 1090 1139 ex
1121 1096 1184 1158 quo
1213 1072 1255 1137 ‘o'

156 1185 236 1251 illud
261 1187 301 1250 ab
324 1183 451 1269 origine
474 1185 609 1270 longum
631 1183 731 1248 fuisse
754 1185 955 1267 longumque
976 1181 1126 1270 usurpari
1140 1182 1174 1246 in
1185 1203 1256 1247 ver-

157 1295 246 1360 sibus
259 1293 420 1362 Saturniis
444 1292 700 1358 demonstratum
721 1294 773 1377 sit,
795 1292 877 1356 nihil
897 1294 1023 1358 obstare
1042 1301 1165 1373 censet,
1179 1291 1256 1375 quin

157 1404 255 1468 etiarn
272 1402 399 1484 Plauto,
420 1401 523 1467 sicubi
552 1401 703 1466 versiculi
732 1402 867 1467 alicuius
892 1401 1017 1489 species
1044 1400 1191 1464 admittat
1222 1409 1256 1464 et

157 1509 374 1592 commendet,
397 1509 492 1574 huius
514 1511 635 1575 vocalis
656 1508 904 1596 productionem
933 1509 1151 1593 vindicemus;
1174 1508 1256 1573 mihi

128 1629 268 1702 contra
290 1641 332 1684 ex
353 1618 427 1684 rudi
460 1627 491 1681 et
518 1617 708 1683 Latinorum
740 1618 871 1707 proprio
906 1627 1008 1683 metro
1033 1617 1187 1685 Saturnio
1222 1617 1256 1683 in

155 1739 258 1794 artem
281 1728 516 1795 Graecanicam
539 1727 620 1791 nihil
648 1727 778 1791 videtur
812 1727 950 1792 calidius
991 1727 1255 1792 transferendum

155 1858 237 1922 esse,
261 1837 320 1902 sed
344 1837 544 1902 secernenda
557 1857 628 1901 esse
641 1856 764 1922 genera
775 1836 915 1901 arbitror
930 1858 973 1900 ex
989 1834 1119 1921 suisque
1133 1844 1255 1900 utrum-

156 1968 218 2031 que
241 1945 386 2030 reliquiis
409 1945 698 2032 interpretandum.
731 1945 895 2026 Quocirca
907 1955 997 2010 certa
1006 1953 1132 2010 tantum
1147 1965 1256 2008 exem·

154 2055 208 2144 pla
229 2077 371 2140 agnosco
394 2054 564 2142 statimque
586 2053 710 2139 reiicio,
732 2075 813 2140 quae
835 2054 868 2118 in
883 2053 996 2140 primis
1015 2053 1123 2118 attulit
1134 2051 1254 2120 Fleck-

154 2164 284 2229 eisonus
306 2164 327 2228 l.
348 2163 369 2227 l.
392 2185 423 2248 p.
449 2163 500 2228 16:
1090 2151 1092 2154 ⁵

236 2271 327 2337 Trin.
348 2271 426 2336 837:
454 2271 560 2337 Rriere
592 2281 759 2354 antennas,
783 2270 935 2336 scindere
958 2272 1032 2336 vela
1054 2308 1104 2355 —,
1136 2271 1170 2334 ni
1200 2278 1255 2334 tua

790 2381 932 2469 propitia
955 2404 1018 2468 pax
1041 2388 1170 2468 praesto
1183 2379 1209 2464 2)

236 2487 291 2555 Ps.
314 2487 392 2555 948:
427 2489 548 2554 ibidem
569 2491 633 2554 ima
655 2489 761 2555 aderit
785 2490 902 2556 mulier
923 2491 1044 2576 lepida,
1074 2489 1133 2555 tibi
1166 2487 1256 2554 savia

879 2600 989 2665 suavia
1010 2601 1092 2685 qdae
1115 2598 1213 2683 det³)

158 2729 296 2794 quorum
327 2709 509 2794 posteriore
532 2709 613 2774 nihil
637 2709 807 2794 evincitur,
830 2709 982 2797 quoniam
1014 2709 1143 2794 ‘lepido’
1174 2718 1249 2773 ante
1348 2758 1351 2762 n

155 2840 322 2884 caesuram
344 2841 458 2884 versus
478 2819 656 2883 tetrametri
680 2820 876 2907 anapaestici
899 2820 1038 2908 positum
1072 2830 1131 2904 est,
1156 2842 1253 2904 quern

152 2948 289 2991 versum
313 2928 358 2990 ‘ot
379 2928 463 2990 alios
490 2930 840 2993 tetrametrosPloutas
865 2942 1087 3015 aspaartetam
1111 2951 1179 2992 esse
1201 2951 1255 2991 oo-

156 3033 231 3098 laa't:
256 3035 342 3098 acarde
364 3048 393 3098 et
416 3036 538 3099 letatum
562 3039 596 3100 a'a
616 3060 755 3122 *caesura
771 3037 836 3101 sibi
849 3039 1011 3123 pertraitta't
1023 3051 1052 3100 et
1062 3036 1254 3120 productio-

155 3146 223 3210 nem
250 3143 396 3230 syllabae
426 3144 591 3230 breois’4).
643 3147 771 3231 Neque,
797 3157 833 3211 ut
861 3148 1042 3234 largiamur
1070 3145 1251 3211 offensione

159 3274 271 3317 carere
309 3253 553 3318 coniunctivum
592 3255 680 3320 verbi
714 3255 905 3320 substantivi
938 3255 1103 3338 omissum,
1133 3253 1166 3318 in
1196 3253 1253 3318 tali

156 3362 314 3427 librorum
337 3363 555 3449 discrepantia
577 3386 689 3429 versus
712 3386 753 3428 ex
772 3366 963 3430 Trinummo
985 3364 1106 3452 petitus
1130 3372 1253 3427 certum

154 3472 289 3557 praebet
314 3473 515 3559 exemplum3
550 3495 645 3560 quem
667 3474 765 3539 simili
786 3475 910 3539 ratione
933 3497 1009 3540 usus
1033 3473 1197 3560 Bergkius
1219 3472 1255 3536 in

155 3581 259 3646 diurn.
282 3580 403 3668 antiqu.
427 3582 664 3648 anni1852sic
687 3584 896 3649 scribendum
919 3582 1107 3671 proposuit:
1131 3583 1179 3645 ‘aa'
1197 3594 1253 3646 tao

149 3713 220 3774 paca
237 3694 387 3775 propitio
406 3692 561 3777 praesto’.

224 3842 252 3911 2)
270 3842 399 3911 Propitia
421 3860 502 3912 pax:
529 3849 620 3900 Flecte.
646 3845 770 3913 propitia
793 3863 849 3913 pax
873 3845 948 3899 foret
966 3863 973 3897 :
994 3845 1028 3908 A,
1053 3862 1109 3914 pax
1129 3843 1255 3914 propitia

152 3936 227 3992 foret
248 3957 254 3991 :
273 3946 381 4009 reliqui.

225 4038 253 4106 3)
271 4035 317 4089 Sic
333 4035 513 4099 Bfichelerus‚
532 4036 609 4089 Iahn.
629 4053 692 4090 ann.
710 4036 777 4104 phil.
798 4039 866 4090 tom.
877 4038 911 4090 87
929 4053 956 4104 p.
967 4039 1030 4091 783.

222 4131 248 4200 4)
267 4131 361 4186 Verba
379 4135 445 4186 sunt
466 4131 582 4186 Godofr.
601 4131 755 4185 Hermanni
773 4132 806 4186 el.
824 4132 851 4186 d.
867 4150 905 4185 m.
922 4134 1021 4202 p.405.
