2820 4830
666 283 708 347 49

136 467 270 532 tandum
296 465 503 544 1111111111
525 474 559 529 ut
582 487 737 551 graecum
761 464 956 529 vocabulum
982 465 1111 550 graecis
1124 465 1234 553 expri-

136 599 204 640 mas
227 576 349 641 literis:
382 569 514 660 εὑρετής
541 575 671 652 miletam
702 595 783 660 quae
814 584 923 638 tamen
957 596 998 639 ne
1024 584 1073 638 est
1102 574 1235 658 quidem

137 685 284 757 mutatio,
321 685 472 771 quoniam
506 683 637 748 omnino
667 682 702 747 in
732 683 898 749 codicibus
928 705 1048 769 graeca
1078 683 1236 749 voeabula

136 793 244 867 latinis
266 794 369 859 literis
392 802 524 858 exarata
542 802 625 858 sunt.

209 894 366 967 'Veraees
382 900 501 988 edepol
517 910 549 964 et
563 908 670 965 certos
689 903 805 966 testesl
834 900 1100 986 Quotusquisque
1118 923 1233 966 eorum

137 1009 248 1094 fidem,
270 1032 352 1095 quae
368 992 407 1074 iis
421 1035 439 1074 a
455 1008 670 1075 Fleckeiseno
687 1010 794 1074 habita
809 1020 869 1094 est,
883 1032 962 1074 vere
975 1010 1118 1081 meruit?
1148 1011 1236 1076 Num

136 1121 302 1209 plerisque
323 1122 440 1185 horum
471 1120 665 1184 sublestiore
697 1121 761 1186 fide
791 1130 875 1202 sunt,
903 1121 957 1206 qui
992 1131 1162 1206 praeterea
1194 1144 1236 1188 ex

137 1230 384 1315 quatuordeeim
409 1229 474 1294 illis
498 1230 625 1311 fabulis,
648 1231 673 1293 si
698 1230 830 1315 quidem
852 1230 894 1294 de
919 1230 1038 1296 talibus
1063 1230 1229 1317 disputan·

137 1340 215 1403 dum
239 1349 297 1419 ost,
320 1338 412 1402 affori
437 1348 585 1423 poterant
608 1338 701 1403 hice:

118 1487 120 1492 ·
223 1447 445 1514 1311115841
476 1449 529 1533 qui
560 1449 594 1511 te
621 1447 704 1509 mala
737 1471 816 1510 crux
846 1447 959 1532 agitat,
982 1447 1037 1531 qui
1065 1447 1105 1510 ad
1127 1447 1234 1513 istunc

652 1552 933 1633 moduleuid‘?
959 1576 1040 1638 quae
1064 1566 1112 1620 te:
1142 1557 1193 1622 Ri.

195 1651 199 1659 ⁵
222 1663 322 1731 Stich.
345 1664 401 1728 73:
423 1661 540 1749 Neque
565 1686 628 1747 ego
651 1664 778 1727 factura
799 1687 869 1727 sum
890 1684 996 1750 neque
1020 1673 1053 1727 tu
1076 1674 1111 1728 ut
1134 1665 1236 1730 facias

430 1773 601 1837 eonsiliiun
624 1772 706 1835 dabo
724 1773 728 1842 Ι
743 1775 789 1834 sio
812 1770 919 1854 ssOD;
945 1771 1003 1834 sed
1019 1773 1148 1861 aliquid
1171 1789 1236 1838 tar-

429 1880 538 1944 datum
562 1904 629 1943 esse
662 1881 753 1944 docet
779 1881 822 1944 A.
861 1879 978 1965 Neque
1008 1900 1072 1965 ego
1103 1881 1136 1945 id
1167 1884 1237 1948 siun

427 1991 495 2053 laet
512 2013 570 2054 -1
594 1988 642 2055 lli.

228 2098 328 2166 Stich.
354 2098 430 2162 159:
467 2098 549 2163 Nam
574 2098 631 2162 illai
652 2120 703 2162 me
726 2098 758 2163 in
781 2098 852 2162 alvo
875 2097 993 2162 mensis
1016 2099 1155 2184 gestavit
1177 2101 1234 2166 de.

664 2227 736 2270 eem
750 2204 755 2277 Ι
769 2205 853 2270 Nam
874 2227 925 2269 me
947 2205 1019 2271 illa:
1043 2207 1193 2293 Pylades.

222 2316 318 2380 Most.
335 2316 408 2379 lio:
432 2315 481 2378 ltu
503 2316 555 2378 md
578 2314 610 2378 di
632 2324 751 2395 ament,
775 2313 885 2400 lepida
900 2315 1049 2404 Scapha:
1063 2319 1066 2390 Ι
1080 2317 1239 2403 lepidast:

1027 2427 1196 2492 Gruterus.

224 2534 324 2598 llere.
342 2535 423 2620 prol.
447 2535 500 2599 26:
524 2533 652 2620 Ineptia
670 2533 868 2620 stultitiaque
891 2536 972 2600 adeo
997 2544 1029 2599 et
1051 2536 1235 2609 temeritas!

448 2642 609 2730 Inepties:
635 2642 765 2706 Luciam.
789 2652 885 2726 atque
910 2646 998 2708 stult.
1020 2644 1120 2709 adeo:
1142 2645 1196 2710 iti.

224 2750 320 2816 Cure.
343 2751 401 2815 46:
435 2750 513 2815 Eam
535 2752 602 2816 vdit
624 2751 830 2815 meretricem
859 2750 985 2815 faeere:
1022 2774 1060 2817 ea
1094 2776 1145 2818 me
1181 2753 1238 2819 de-

778 2861 872 2946 perit.
888 2872 892 2926 l
908 2858 966 2947 [at]
991 2883 1044 2925 ea:
1083 2863 1193 2931 Fleuit.

228 2968 414 3036 0111602ι
440 2968 533 3034 l‘aiter
556 2969 651 3033 istum
675 2992 764 3034 meus
787 2969 964 3054 gestitavit.
982 2992 1000 3035 ::
1018 2953 1061 3039 A't
1082 2994 1154 3036 mea
1175 2996 1238 3037 ma-

641 3081 789 3149 tertera!
808 3065 853 3145 A't
879 3075 962 3166 [pol]
988 3102 1069 3144 mea.
1087 3081 1196 3147 luat.

140 3189 205 3255 Sed
241 3211 348 3268 nemo,
381 3189 437 3272 qui
452 3188 678 3252 Plautinorum
699 3188 855 3252 librorum
879 3188 1106 3252 condicionem
1127 3190 1236 3276 cogni-

142 3306 202 3361 tam
228 3299 355 3381 habeat,
377 3296 437 3360 ulli
458 3319 500 3360 ex
532 3298 582 3360 his
613 3307 738 3382 septem
774 3296 946 3361 versieulis
978 3297 1077 3361 fidem
1107 3299 1239 3364 habebit
1346 3329 1348 3333 ¹

140 3407 252 3472 autin
274 3408 323 3471 his
354 3408 468 3472 merito
500 3409 657 3472 librorum
694 3408 881 3472 memoriam
906 3431 925 3470 a
948 3407 1026 3471 viris
1055 3407 1160 3473 doctis
1186 3431 1239 3473 re-

139 3516 248 3580 lietum
274 3538 343 3579 esse
365 3516 509 3602 negabit,
530 3538 571 3579 11
589 3516 687 3579 hodie
712 3517 852 3602 quidem,
875 3538 949 3580 eum
974 3516 1135 3602 principio
1154 3517 1237 3582 hane
1321 3504 1325 3511 ⁸

141 3627 288 3690 vocalem
314 3626 442 3710 longam
464 3627 563 3690 fuisse
586 3626 671 3690 inter
694 3649 805 3690 omnes
828 3635 952 3689 constet
970 3625 1017 3711 14).
1069 3626 1181 3712 Atque
1202 3638 1239 3691 ut

141 3735 237 3798 etiam
263 3757 375 3798 eorum
402 3734 633 3798 labefactamus
655 3735 818 3815 fiduciam,
848 3735 901 3817 qui
924 3734 1027 3797 cuivis
1059 3735 1238 3800 adhaerent

140 3842 297 3907 librorum
318 3843 494 3906 1111111111
519 3855 552 3906 et
574 3843 649 3907 hinc
673 3853 835 3928 tamquam
861 3864 903 3906 ox
925 3863 1000 3907 aree
1016 3857 1237 3929 propugnant,

214 4075 256 4144 14)
274 4077 366 4146 Negat
394 4095 458 4130 sane
486 4078 625 4146 Bergkius
654 4082 754 4131 contra
780 4079 955 4142 Corssenum,
981 4077 1056 4130 111111.
1083 4095 1146 4130 ann.
1171 4075 1238 4144 phil.

139 4176 207 4227 tom.
218 4175 261 4238 83,
281 4192 308 4242 p.
320 4176 382 4227 497.

1011 4272 1029 4325 4
