2820 4830
690 256 728 320 41

242 441 395 527 Nequam
424 443 549 509 homo’s
579 441 717 531 Epidico
749 477 791 488 -
821 438 886 524 Qui
920 436 992 526 [mi]
1024 438 1082 504 tibi
1111 434 1256 504 lubidost

120 580 123 587 ·
179 587 182 595 ,
929 545 1016 612 mile
1037 545 1153 630 loqui?
1175 585 1211 594 ·—

245 657 331 738 Quid
352 665 388 720 tu
408 666 475 722 tete
496 655 686 724 deseris.-
709 653 806 745 [Sed]
821 655 849 740 ⁹)
873 654 1114 743 quidfaciam?
1128 655 1256 720 ——Men

1031 763 1067 829 nt
1080 765 1215 850 rogas?

245 873 302 940 Sic
324 874 429 940 omnis
452 873 554 938 oratio
576 872 610 936 in
633 882 699 937 tres
731 870 887 936 dividitur
916 881 1036 959 partes,
1067 895 1203 959 quarum
1223 872 1258 937 in

158 981 266 1047 media
292 1003 406 1047 servus
429 983 469 1046 de
493 1004 528 1046 se
550 982 655 1068 prima
677 1003 817 1069 persona
839 989 935 1046 utens
956 980 1110 1065 loquitur,
1132 981 1166 1045 in
1180 979 1257 1045 dua-

158 1091 219 1155 bus
241 1091 376 1177 reliquis
400 1091 515 1156 eodem
544 1112 680 1155 numero
704 1089 833 1176 scriptis
858 1099 968 1154 secum
992 1099 1155 1174 tamquam
1182 1111 1256 1154 eum
1375 1087 1378 1093 ’

157 1200 260 1264 altero
290 1199 489 1285 colloquium
517 1199 624 1264 habet.
669 1198 826 1266 Ceterum
849 1198 1008 1286 Spongcli
1036 1199 1077 1262 de
1099 1206 1202 1263 metro
1225 1222 1255 1266 v.

159 1309 284 1374 79-85
309 1307 469 1372 sententia
492 1308 705 1373 confirmatur
729 1307 851 1372 codicis
874 1306 1025 1394 rescripti
1056 1308 1256 1391 auctoritate,

159 1417 282 1505 quippe
305 1415 339 1480 in
363 1438 426 1500 quo
448 1424 548 1480 totam
564 1417 718 1504 paginam
742 1415 908 1481 tenuerint
928 1414 1082 1481 undecim
1102 1417 1255 1502 vulgatae

159 1527 339 1613 scripturae
360 1545 474 1590 versus
496 1523 629 1591 76-86.
737 1554 740 1559 ·

670 2029 742 2098 IV.

158 2217 365 2304 Avooalis
394 2246 491 2302 num
519 2217 560 2303 in
590 2246 683 2304 casu
713 2226 819 2303 recto
852 2217 999 2328 primae
1035 2245 1151 2326 quam
1186 2245 1255 2304 vo-

200 2369 288 2447 cant
320 2361 586 2448 declinationis
617 2364 722 2474 apud
752 2363 936 2447 Plautum
961 2364 1221 2472 producatur.-

240 2723 323 2787 Tres
344 2722 379 2786 hi
404 2743 445 2788 ex
469 2722 606 2811 Epidico
628 2744 761 2789 versus:

241 2832 268 2910 I,
290 2832 389 2915 1,39:
411 2809 472 2898 list
495 2856 617 2914 caussa,
642 2854 705 2918 qua
728 2834 839 2898 caussa
862 2832 958 2897 simul
983 2855 1107 2898 mecum
1127 2835 1175 2899 ire
1198 2857 1252 2897 vo-

735 2942 1058 3023 ritu’st.::Quidnam
1080 2942 1114 3006 id
1136 2942 1210 3007 est?

239 3048 420 3133 1H‚4,62:
443 3048 569 3115 Potuit:
592 3050 667 3138 plus
690 3051 754 3115 iam
778 3036 849 3116 sum
868 3049 970 3116 libero
984 3051 1251 3138 quinquennium.

240 3158 421 3242 IV‚1,40:
445 3159 514 3225 Fac
538 3159 664 3223 videam
688 3159 714 3222 si
737 3161 790 3224 md
804 3159 854 3224 vis
872 3157 992 3224 vivere.
1006 3138 1121 3246 allhc,
1143 3160 1250 3243 istinc,

407 3343 410 3349 ,
937 3270 1114 3355 Canthard,
1136 3270 1210 3337 iube
1256 3345 1260 3353 ι

154 3376 189 3440 in
211 3399 307 3441 causa
325 3377 468 3459 fuerunt,
493 3386 528 3440 ut
550 3376 590 3440 ad
613 3379 837 3461 quaestionem
852 3379 1066 3464 adgrederer,
1089 3402 1185 3464 quam
1202 3379 1251 3444 his

155 3484 357 3571 temporibus
379 3485 439 3548 viri
457 3485 542 3550 docti
556 3509 628 3550 cum
642 3487 782 3571 quodam
797 3489 903 3553 studio
916 3500 1142 3577 susceperunt,
1168 3510 1251 3574 quae
1347 3488 1349 3491 ’

153 3601 202 3656 est
234 3593 274 3656 dc
306 3616 456 3658 mensura
477 3619 495 3659 a
514 3596 640 3661 vocalis
662 3597 852 3662 nominativi
874 3598 999 3686 primae
1024 3597 1250 3663 declinationis

153 3700 185 3765 in
199 3702 324 3767 Latinis
340 3705 507 3768 vocabulis
528 3705 691 3792 propriae.
722 3706 833 3790 Atque
854 3707 887 3770 in
908 3707 1096 3772 universum
1118 3707 1250 3792 quidem

155 3809 216 3873 hoc
240 3809 301 3873 iam
328 3821 420 3875 extra
442 3833 569 3877 omnem
596 3813 828 3878 dubitationem
852 3815 994 3901 positum
1019 3824 1078 3897 est,
1100 3837 1168 3879 eam
1195 3837 1249 3877 vo-

153 3918 260 3982 calem
282 3920 315 3983 in
337 3921 515 3985 vetustiore
538 3921 653 4006 lingua
677 3922 869 4008 productam
899 3945 981 4007 esse,
1013 3934 1049 3989 ut
1070 3947 1158 3990 nunc
1181 3919 1249 4008 qni-

222 4154 249 4225 9)
269 4155 339 4210 ‘Sed’
357 4163 543 4228 suppeditavit
562 4166 673 4216 ama‘cua.
