<?xml version="1.0" encoding="UTF-8"?>
<!DOCTYPE html PUBLIC "-//W3C//DTD XHTML 1.0 Transitional//EN"
    "http://www.w3.org/TR/xhtml1/DTD/xhtml1-transitional.dtd">
<html xmlns="http://www.w3.org/1999/xhtml" xml:lang="en" lang="en">
 <head>
  <title>
</title>
<meta http-equiv="Content-Type" content="text/html;charset=utf-8" />
  <meta name='ocr-system' content='tesseract 3.04.00' />
  <meta name='ocr-capabilities' content='ocr_page ocr_carea ocr_par ocr_line ocrx_word'/>
</head>
<body>
  <div class='ocr_page' id='page_1' title='image "./deplautiepidico01muelgoog_0024.png"; bbox 0 0 2820 4830; ppageno 0'>
   <div class='ocr_carea' id='block_1_1' title="bbox 673 690 727 758">
    <p class='ocr_par' dir='ltr' id='par_1_1' title="bbox 673 690 727 758">
     <span class='ocr_line' id='line_1_1' title="bbox 673 690 727 758; baseline 0.019 -1"><span class='ocrx_word' id='word_1_1' title='bbox 673 690 727 758; x_wconf 92' lang='lat'><strong>11.</strong></span> 
     </span>
    </p>
   </div>
   <div class='ocr_carea' id='block_1_2' title="bbox 528 862 872 948">
    <p class='ocr_par' dir='ltr' id='par_1_2' title="bbox 528 862 872 948">
     <span class='ocr_line' id='line_1_2' title="bbox 528 862 872 948; baseline 0.006 -3"><span class='ocrx_word' id='word_1_2' title='bbox 528 862 601 945; x_wconf 89' lang='lat' dir='ltr'><strong>De</strong></span> <span class='ocrx_word' id='word_1_3' title='bbox 640 863 872 948; x_wconf 79' lang='lat' dir='ltr'>lacunis.</span> 
     </span>
    </p>
   </div>
   <div class='ocr_carea' id='block_1_3' title="bbox 101 1225 1258 3818">
    <p class='ocr_par' dir='ltr' id='par_1_3' title="bbox 101 1225 1254 3036">
     <span class='ocr_line' id='line_1_3' title="bbox 241 1225 1246 1314; baseline 0.003 -24"><span class='ocrx_word' id='word_1_4' title='bbox 241 1226 396 1308; x_wconf 82' lang='lat' dir='ltr'><strong>Quamvis</strong></span> <span class='ocrx_word' id='word_1_5' title='bbox 420 1249 554 1310; x_wconf 80' lang='lat' dir='ltr'>sagaces</span> <span class='ocrx_word' id='word_1_6' title='bbox 577 1236 610 1289; x_wconf 93' lang='lat' dir='ltr'><strong>et</strong></span> <span class='ocrx_word' id='word_1_7' title='bbox 629 1225 763 1290; x_wconf 88' lang='lat' dir='ltr'><strong>subtiles</strong></span> <span class='ocrx_word' id='word_1_8' title='bbox 787 1225 1025 1290; x_wconf 80' lang='lat' dir='ltr'><strong>existimatores</strong></span> <span class='ocrx_word' id='word_1_9' title='bbox 1048 1227 1082 1291; x_wconf 90' lang='lat' dir='ltr'><strong>in</strong></span> <span class='ocrx_word' id='word_1_10' title='bbox 1103 1228 1246 1314; x_wconf 85' lang='lat' dir='ltr'><strong>singulis</strong></span> 
     </span>
     <span class='ocr_line' id='line_1_4' title="bbox 156 1334 1247 1423; baseline 0.002 -24"><span class='ocrx_word' id='word_1_11' title='bbox 156 1334 359 1422; x_wconf 85' lang='lat' dir='ltr'><strong>explicandis</strong></span> <span class='ocrx_word' id='word_1_12' title='bbox 381 1335 528 1400; x_wconf 84' lang='lat' dir='ltr'><strong>nonnulli</strong></span> <span class='ocrx_word' id='word_1_13' title='bbox 550 1357 592 1399; x_wconf 88' lang='lat' dir='ltr'><strong>ex</strong></span> <span class='ocrx_word' id='word_1_14' title='bbox 614 1334 721 1398; x_wconf 87' lang='lat' dir='ltr'><strong>Plauti</strong></span> <span class='ocrx_word' id='word_1_15' title='bbox 745 1334 976 1420; x_wconf 83' lang='lat' dir='ltr'><strong>interpretibus</strong></span> <span class='ocrx_word' id='word_1_16' title='bbox 1007 1358 1079 1400; x_wconf 90' lang='lat' dir='ltr'><strong>sese</strong></span> <span class='ocrx_word' id='word_1_17' title='bbox 1106 1348 1247 1423; x_wconf 90' lang='lat' dir='ltr'><strong>praesta·</strong></span> 
     </span>
     <span class='ocr_line' id='line_1_5' title="bbox 155 1443 1247 1529; baseline 0.005 -22"><span class='ocrx_word' id='word_1_18' title='bbox 155 1452 238 1524; x_wconf 88' lang='lat' dir='ltr'><strong>rent,</strong></span> <span class='ocrx_word' id='word_1_19' title='bbox 269 1443 302 1508; x_wconf 87' lang='lat' dir='ltr'><strong>iu</strong></span> <span class='ocrx_word' id='word_1_20' title='bbox 324 1443 516 1528; x_wconf 86' lang='lat' dir='ltr'><strong>corruptelis</strong></span> <span class='ocrx_word' id='word_1_21' title='bbox 541 1453 596 1508; x_wconf 88' lang='lat' dir='ltr'><strong>aut</strong></span> <span class='ocrx_word' id='word_1_22' title='bbox 615 1443 922 1529; x_wconf 83' lang='lat' dir='ltr'><strong>interpolationibus</strong></span> <span class='ocrx_word' id='word_1_23' title='bbox 943 1454 998 1508; x_wconf 88' lang='lat' dir='ltr'><strong>aut</strong></span> <span class='ocrx_word' id='word_1_24' title='bbox 1020 1445 1146 1510; x_wconf 82' lang='lat' dir='ltr'><strong>lacunis</strong></span> <span class='ocrx_word' id='word_1_25' title='bbox 1169 1447 1247 1512; x_wconf 88' lang='lat' dir='ltr'><strong>ortis</strong></span> 
     </span>
     <span class='ocr_line' id='line_1_6' title="bbox 101 1547 1248 1640; baseline 0.003 -24"><span class='ocrx_word' id='word_1_26' title='bbox 101 1547 105 1554; x_wconf 71' lang='grc'><strong>’</strong></span> <span class='ocrx_word' id='word_1_27' title='bbox 153 1573 221 1617; x_wconf 88' lang='lat' dir='ltr'><strong>non</strong></span> <span class='ocrx_word' id='word_1_28' title='bbox 243 1552 359 1617; x_wconf 87' lang='lat' dir='ltr'><strong>eodem</strong></span> <span class='ocrx_word' id='word_1_29' title='bbox 382 1552 503 1616; x_wconf 89' lang='lat' dir='ltr'><strong>iudicio</strong></span> <span class='ocrx_word' id='word_1_30' title='bbox 526 1552 576 1616; x_wconf 93' lang='lat' dir='ltr'><strong>usi</strong></span> <span class='ocrx_word' id='word_1_31' title='bbox 598 1553 776 1636; x_wconf 88' lang='lat' dir='ltr'><strong>quamlibet</strong></span> <span class='ocrx_word' id='word_1_32' title='bbox 788 1553 895 1640; x_wconf 91' lang='lat' dir='ltr'><strong>potius</strong></span> <span class='ocrx_word' id='word_1_33' title='bbox 911 1555 1131 1620; x_wconf 86' lang='lat' dir='ltr'><strong>toleraverunt</strong></span> <span class='ocrx_word' id='word_1_34' title='bbox 1143 1555 1248 1620; x_wconf 84' lang='lat' dir='ltr'><strong>offen·</strong></span> 
     </span>
     <span class='ocr_line' id='line_1_7' title="bbox 154 1660 1250 1750; baseline 0.005 -25"><span class='ocrx_word' id='word_1_35' title='bbox 154 1660 289 1744; x_wconf 85' lang='lat' dir='ltr'><strong>sionem,</strong></span> <span class='ocrx_word' id='word_1_36' title='bbox 313 1683 407 1746; x_wconf 85' lang='lat' dir='ltr'><strong>quam</strong></span> <span class='ocrx_word' id='word_1_37' title='bbox 429 1671 466 1725; x_wconf 93' lang='lat' dir='ltr'><strong>ut</strong></span> <span class='ocrx_word' id='word_1_38' title='bbox 484 1661 607 1746; x_wconf 90' lang='lat' dir='ltr'><strong>aliquid</strong></span> <span class='ocrx_word' id='word_1_39' title='bbox 631 1663 671 1725; x_wconf 93' lang='lat' dir='ltr'><strong>ad</strong></span> <span class='ocrx_word' id='word_1_40' title='bbox 694 1661 851 1727; x_wconf 88' lang='lat' dir='ltr'><strong>honorem</strong></span> <span class='ocrx_word' id='word_1_41' title='bbox 874 1673 989 1750; x_wconf 89' lang='lat' dir='ltr'><strong>poetae</strong></span> <span class='ocrx_word' id='word_1_42' title='bbox 1014 1665 1250 1730; x_wconf 87' lang='lat' dir='ltr'><strong>restituendum</strong></span> 
     </span>
     <span class='ocr_line' id='line_1_8' title="bbox 154 1769 1251 1854; baseline 0.004 -21"><span class='ocrx_word' id='word_1_43' title='bbox 154 1769 322 1834; x_wconf 88' lang='lat' dir='ltr'><strong>auderent.</strong></span> <span class='ocrx_word' id='word_1_44' title='bbox 344 1769 383 1834; x_wconf 93' lang='lat' dir='ltr'><strong>In</strong></span> <span class='ocrx_word' id='word_1_45' title='bbox 405 1769 465 1834; x_wconf 90' lang='lat' dir='ltr'><strong>boc</strong></span> <span class='ocrx_word' id='word_1_46' title='bbox 487 1790 611 1854; x_wconf 84' lang='lat' dir='ltr'><strong>genere</strong></span> <span class='ocrx_word' id='word_1_47' title='bbox 635 1779 746 1834; x_wconf 88' lang='lat' dir='ltr'><strong>nostra</strong></span> <span class='ocrx_word' id='word_1_48' title='bbox 769 1770 898 1834; x_wconf 92' lang='lat' dir='ltr'><strong>demum</strong></span> <span class='ocrx_word' id='word_1_49' title='bbox 921 1781 1026 1836; x_wconf 87' lang='lat' dir='ltr'><strong>aetate</strong></span> <span class='ocrx_word' id='word_1_50' title='bbox 1039 1771 1157 1837; x_wconf 87' lang='lat' dir='ltr'><strong>Plauto</strong></span> <span class='ocrx_word' id='word_1_51' title='bbox 1177 1773 1251 1837; x_wconf 91' lang='lat' dir='ltr'><strong>sub-</strong></span> 
     </span>
     <span class='ocr_line' id='line_1_9' title="bbox 157 1877 1251 1964; baseline 0.005 -24"><span class='ocrx_word' id='word_1_52' title='bbox 157 1889 290 1944; x_wconf 87' lang='lat' dir='ltr'><strong>ventum</strong></span> <span class='ocrx_word' id='word_1_53' title='bbox 321 1888 377 1944; x_wconf 88' lang='lat' dir='ltr'><strong>est.</strong></span> <span class='ocrx_word' id='word_1_54' title='bbox 430 1877 499 1944; x_wconf 85' lang='lat' dir='ltr'><strong>Sed</strong></span> <span class='ocrx_word' id='word_1_55' title='bbox 532 1880 693 1964; x_wconf 89' lang='lat' dir='ltr'><strong>quoniam,</strong></span> <span class='ocrx_word' id='word_1_56' title='bbox 725 1890 989 1964; x_wconf 88' lang='lat' dir='ltr'><strong>qantumcunque</strong></span> <span class='ocrx_word' id='word_1_57' title='bbox 1018 1880 1159 1944; x_wconf 88' lang='lat' dir='ltr'><strong>comicae</strong></span> <span class='ocrx_word' id='word_1_58' title='bbox 1190 1880 1251 1947; x_wconf 88' lang='lat' dir='ltr'><strong>Ro-</strong></span> 
     </span>
     <span class='ocr_line' id='line_1_10' title="bbox 157 1987 1252 2074; baseline 0 -20"><span class='ocrx_word' id='word_1_59' title='bbox 157 2010 326 2054; x_wconf 90' lang='lat' dir='ltr'><strong>manorum</strong></span> <span class='ocrx_word' id='word_1_60' title='bbox 353 1988 462 2074; x_wconf 89' lang='lat' dir='ltr'><strong>poesis</strong></span> <span class='ocrx_word' id='word_1_61' title='bbox 490 1987 637 2053; x_wconf 89' lang='lat' dir='ltr'><strong>condicio</strong></span> <span class='ocrx_word' id='word_1_62' title='bbox 668 2011 710 2053; x_wconf 87' lang='lat' dir='ltr'><strong>ox</strong></span> <span class='ocrx_word' id='word_1_63' title='bbox 733 1988 953 2054; x_wconf 87' lang='lat' dir='ltr'><strong>Ritschcliana</strong></span> <span class='ocrx_word' id='word_1_64' title='bbox 974 1987 1081 2053; x_wconf 88' lang='lat' dir='ltr'><strong>Plauti</strong></span> <span class='ocrx_word' id='word_1_65' title='bbox 1113 1987 1252 2054; x_wconf 90' lang='lat' dir='ltr'><strong>editione</strong></span> 
     </span>
     <span class='ocr_line' id='line_1_11' title="bbox 156 2097 1254 2182; baseline 0.003 -22"><span class='ocrx_word' id='word_1_66' title='bbox 156 2106 304 2182; x_wconf 90' lang='lat' dir='ltr'><strong>promota</strong></span> <span class='ocrx_word' id='word_1_67' title='bbox 327 2106 375 2160; x_wconf 92' lang='lat' dir='ltr'><strong>est</strong></span> <span class='ocrx_word' id='word_1_68' title='bbox 396 2105 428 2161; x_wconf 88' lang='lat' dir='ltr'><strong>et</strong></span> <span class='ocrx_word' id='word_1_69' title='bbox 449 2097 483 2161; x_wconf 92' lang='lat' dir='ltr'><strong>in</strong></span> <span class='ocrx_word' id='word_1_70' title='bbox 507 2097 621 2162; x_wconf 90' lang='lat' dir='ltr'><strong>melius</strong></span> <span class='ocrx_word' id='word_1_71' title='bbox 654 2106 861 2179; x_wconf 87' lang='lat' dir='ltr'><strong>commutata,</strong></span> <span class='ocrx_word' id='word_1_72' title='bbox 894 2097 920 2160; x_wconf 92' lang='lat' dir='ltr'><strong>si</strong></span> <span class='ocrx_word' id='word_1_73' title='bbox 952 2118 1001 2180; x_wconf 83' lang='lat' dir='ltr'><strong>ea,</strong></span> <span class='ocrx_word' id='word_1_74' title='bbox 1029 2119 1112 2181; x_wconf 89' lang='lat' dir='ltr'><strong>quae</strong></span> <span class='ocrx_word' id='word_1_75' title='bbox 1141 2107 1254 2163; x_wconf 88' lang='lat' dir='ltr'><strong>natura</strong></span> 
     </span>
     <span class='ocr_line' id='line_1_12' title="bbox 158 2204 1249 2293; baseline 0.001 -25"><span class='ocrx_word' id='word_1_76' title='bbox 158 2204 309 2269; x_wconf 90' lang='lat' dir='ltr'><strong>universa</strong></span> <span class='ocrx_word' id='word_1_77' title='bbox 337 2215 423 2288; x_wconf 88' lang='lat' dir='ltr'><strong>sunt,</strong></span> <span class='ocrx_word' id='word_1_78' title='bbox 457 2205 594 2287; x_wconf 85' lang='lat' dir='ltr'><strong>omittas,</strong></span> <span class='ocrx_word' id='word_1_79' title='bbox 618 2205 775 2292; x_wconf 89' lang='lat' dir='ltr'><strong>Epidicus</strong></span> <span class='ocrx_word' id='word_1_80' title='bbox 799 2205 908 2270; x_wconf 85' lang='lat' dir='ltr'><strong>fabula</strong></span> <span class='ocrx_word' id='word_1_81' title='bbox 930 2206 963 2270; x_wconf 88' lang='lat' dir='ltr'><strong>in</strong></span> <span class='ocrx_word' id='word_1_82' title='bbox 985 2205 1095 2293; x_wconf 91' lang='lat' dir='ltr'><strong>paucis</strong></span> <span class='ocrx_word' id='word_1_83' title='bbox 1123 2215 1249 2270; x_wconf 88' lang='lat' dir='ltr'><strong>tantum</strong></span> 
     </span>
     <span class='ocr_line' id='line_1_13' title="bbox 157 2314 1249 2402; baseline 0.002 -23"><span class='ocrx_word' id='word_1_84' title='bbox 157 2314 401 2379; x_wconf 82' lang='lat' dir='ltr'><strong>saluberrimam</strong></span> <span class='ocrx_word' id='word_1_85' title='bbox 430 2314 579 2379; x_wconf 88' lang='lat' dir='ltr'><strong>fortunae</strong></span> <span class='ocrx_word' id='word_1_86' title='bbox 603 2316 887 2380; x_wconf 83' lang='lat' dir='ltr'><strong>commutationem</strong></span> <span class='ocrx_word' id='word_1_87' title='bbox 921 2326 1059 2402; x_wconf 86' lang='lat' dir='ltr'><strong>experta</strong></span> <span class='ocrx_word' id='word_1_88' title='bbox 1093 2327 1151 2398; x_wconf 89' lang='lat' dir='ltr'><strong>cst,</strong></span> <span class='ocrx_word' id='word_1_89' title='bbox 1184 2339 1249 2381; x_wconf 91' lang='lat' dir='ltr'><strong>non</strong></span> 
     </span>
     <span class='ocr_line' id='line_1_14' title="bbox 157 2422 1253 2510; baseline 0.003 -23"><span class='ocrx_word' id='word_1_90' title='bbox 157 2423 317 2488; x_wconf 82' lang='lat' dir='ltr'><strong>mirabere</strong></span> <span class='ocrx_word' id='word_1_91' title='bbox 339 2422 373 2487; x_wconf 91' lang='lat' dir='ltr'><strong>in</strong></span> <span class='ocrx_word' id='word_1_92' title='bbox 395 2423 514 2506; x_wconf 85' lang='lat' dir='ltr'><strong>fabula,</strong></span> <span class='ocrx_word' id='word_1_93' title='bbox 550 2446 647 2509; x_wconf 89' lang='lat' dir='ltr'><strong>quam</strong></span> <span class='ocrx_word' id='word_1_94' title='bbox 671 2425 855 2489; x_wconf 84' lang='lat' dir='ltr'><strong>lacunosum</strong></span> <span class='ocrx_word' id='word_1_95' title='bbox 877 2447 949 2490; x_wconf 90' lang='lat' dir='ltr'><strong>esse</strong></span> <span class='ocrx_word' id='word_1_96' title='bbox 973 2425 1123 2489; x_wconf 84' lang='lat' dir='ltr'><strong>evincere</strong></span> <span class='ocrx_word' id='word_1_97' title='bbox 1146 2426 1253 2510; x_wconf 83' lang='lat' dir='ltr'><strong>liceat,</strong></span> 
     </span>
     <span class='ocr_line' id='line_1_15' title="bbox 158 2532 1253 2620; baseline 0.002 -23"><span class='ocrx_word' id='word_1_98' title='bbox 158 2532 250 2597; x_wconf 90' lang='lat' dir='ltr'><strong>nulla</strong></span> <span class='ocrx_word' id='word_1_99' title='bbox 274 2534 344 2597; x_wconf 87' lang='lat' dir='ltr'><strong>fere</strong></span> <span class='ocrx_word' id='word_1_100' title='bbox 366 2533 503 2620; x_wconf 85' lang='lat' dir='ltr'><strong>reperiri</strong></span> <span class='ocrx_word' id='word_1_101' title='bbox 527 2534 675 2599; x_wconf 91' lang='lat' dir='ltr'><strong>inlibris</strong></span> <span class='ocrx_word' id='word_1_102' title='bbox 699 2534 889 2599; x_wconf 89' lang='lat' dir='ltr'><strong>lacunarum</strong></span> <span class='ocrx_word' id='word_1_103' title='bbox 913 2534 1056 2619; x_wconf 52' lang='grc' dir='ltr'><strong>εἰμι’).</strong></span> <span class='ocrx_word' id='word_1_104' title='bbox 1088 2533 1253 2614; x_wconf 87' lang='lat' dir='ltr'><strong>Quamob-</strong></span> 
     </span>
     <span class='ocr_line' id='line_1_16' title="bbox 159 2640 1251 2728; baseline 0 -22"><span class='ocrx_word' id='word_1_105' title='bbox 159 2665 227 2706; x_wconf 89' lang='lat' dir='ltr'><strong>rem</strong></span> <span class='ocrx_word' id='word_1_106' title='bbox 251 2666 325 2707; x_wconf 92' lang='lat' dir='ltr'><strong>cum</strong></span> <span class='ocrx_word' id='word_1_107' title='bbox 350 2642 390 2705; x_wconf 89' lang='lat' dir='ltr'><strong>ad</strong></span> <span class='ocrx_word' id='word_1_108' title='bbox 412 2643 576 2727; x_wconf 82' lang='lat' dir='ltr'><strong>integrum</strong></span> <span class='ocrx_word' id='word_1_109' title='bbox 600 2653 633 2706; x_wconf 89' lang='lat' dir='ltr'><strong>ot</strong></span> <span class='ocrx_word' id='word_1_110' title='bbox 650 2644 803 2707; x_wconf 90' lang='lat' dir='ltr'><strong>intactum</strong></span> <span class='ocrx_word' id='word_1_111' title='bbox 818 2643 924 2707; x_wconf 88' lang='lat' dir='ltr'><strong>adhuc</strong></span> <span class='ocrx_word' id='word_1_112' title='bbox 946 2643 1052 2707; x_wconf 89' lang='lat' dir='ltr'><strong>locum</strong></span> <span class='ocrx_word' id='word_1_113' title='bbox 1065 2640 1251 2728; x_wconf 87' lang='lat' dir='ltr'><strong>adgrediar,</strong></span> 
     </span>
     <span class='ocr_line' id='line_1_17' title="bbox 159 2751 1253 2843; baseline -0.003 -27"><span class='ocrx_word' id='word_1_114' title='bbox 159 2751 310 2837; x_wconf 86' lang='lat' dir='ltr'><strong>graviora</strong></span> <span class='ocrx_word' id='word_1_115' title='bbox 336 2761 460 2816; x_wconf 87' lang='lat' dir='ltr'><strong>tantum</strong></span> <span class='ocrx_word' id='word_1_116' title='bbox 493 2761 526 2816; x_wconf 88' lang='lat' dir='ltr'><strong>et</strong></span> <span class='ocrx_word' id='word_1_117' title='bbox 557 2773 638 2838; x_wconf 87' lang='lat' dir='ltr'><strong>quae</strong></span> <span class='ocrx_word' id='word_1_118' title='bbox 672 2761 835 2837; x_wconf 87' lang='lat' dir='ltr'><strong>tamquam</strong></span> <span class='ocrx_word' id='word_1_119' title='bbox 865 2751 900 2815; x_wconf 90' lang='lat' dir='ltr'><strong>in</strong></span> <span class='ocrx_word' id='word_1_120' title='bbox 934 2753 1046 2843; x_wconf 90' lang='lat' dir='ltr'><strong>oeulos</strong></span> <span class='ocrx_word' id='word_1_121' title='bbox 1076 2760 1253 2815; x_wconf 88' lang='lat' dir='ltr'><strong>occurrunt</strong></span> 
     </span>
     <span class='ocr_line' id='line_1_18' title="bbox 158 2858 1250 2948; baseline 0.001 -24"><span class='ocrx_word' id='word_1_122' title='bbox 158 2882 347 2948; x_wconf 84' lang='lat' dir='ltr'><strong>persequar,</strong></span> <span class='ocrx_word' id='word_1_123' title='bbox 378 2861 563 2925; x_wconf 88' lang='lat' dir='ltr'><strong>difficiliora</strong></span> <span class='ocrx_word' id='word_1_124' title='bbox 589 2861 747 2946; x_wconf 88' lang='lat' dir='ltr'><strong>quaedam</strong></span> <span class='ocrx_word' id='word_1_125' title='bbox 779 2870 812 2924; x_wconf 90' lang='lat' dir='ltr'><strong>et</strong></span> <span class='ocrx_word' id='word_1_126' title='bbox 843 2860 948 2944; x_wconf 83' lang='lat' dir='ltr'><strong>magis</strong></span> <span class='ocrx_word' id='word_1_127' title='bbox 975 2860 1098 2924; x_wconf 81' lang='lat' dir='ltr'><strong>ineerta</strong></span> <span class='ocrx_word' id='word_1_128' title='bbox 1121 2858 1250 2925; x_wconf 86' lang='lat' dir='ltr'><strong>silentio</strong></span> 
     </span>
     <span class='ocr_line' id='line_1_19' title="bbox 158 2968 361 3036; baseline 0.005 -6"><span class='ocrx_word' id='word_1_129' title='bbox 158 2968 361 3036; x_wconf 88' lang='lat' dir='ltr'><strong>transiturus.</strong></span> 
     </span>
    </p>

    <p class='ocr_par' dir='ltr' id='par_1_4' title="bbox 157 3075 1255 3687">
     <span class='ocr_line' id='line_1_20' title="bbox 242 3075 1255 3167; baseline -0.002 -26"><span class='ocrx_word' id='word_1_130' title='bbox 242 3077 269 3158; x_wconf 86' lang='lat'><strong>1,</strong></span> <span class='ocrx_word' id='word_1_131' title='bbox 291 3078 322 3162; x_wconf 77' lang='lat'><strong>2,</strong></span> <span class='ocrx_word' id='word_1_132' title='bbox 347 3079 397 3144; x_wconf 77' lang='lat'><strong>59.</strong></span> <span class='ocrx_word' id='word_1_133' title='bbox 429 3079 585 3167; x_wconf 87' lang='lat' dir='ltr'><strong>Epidicus</strong></span> <span class='ocrx_word' id='word_1_134' title='bbox 610 3088 779 3167; x_wconf 90' lang='lat' dir='ltr'><strong>postquam</strong></span> <span class='ocrx_word' id='word_1_135' title='bbox 800 3076 928 3162; x_wconf 85' lang='lat' dir='ltr'><strong>argenti</strong></span> <span class='ocrx_word' id='word_1_136' title='bbox 952 3075 1164 3163; x_wconf 85' lang='lat' dir='ltr'><strong>comparandi</strong></span> <span class='ocrx_word' id='word_1_137' title='bbox 1187 3098 1255 3140; x_wconf 92' lang='lat' dir='ltr'><strong>mu-</strong></span> 
     </span>
     <span class='ocr_line' id='line_1_21' title="bbox 158 3183 1255 3272; baseline -0.001 -24"><span class='ocrx_word' id='word_1_138' title='bbox 158 3208 219 3250; x_wconf 89' lang='lat' dir='ltr'><strong>nus</strong></span> <span class='ocrx_word' id='word_1_139' title='bbox 240 3188 392 3272; x_wconf 85' lang='lat' dir='ltr'><strong>suscepit,</strong></span> <span class='ocrx_word' id='word_1_140' title='bbox 416 3188 676 3252; x_wconf 87' lang='lat' dir='ltr'><strong>adolescentibus</strong></span> <span class='ocrx_word' id='word_1_141' title='bbox 699 3187 783 3251; x_wconf 93' lang='lat' dir='ltr'><strong>iutro</strong></span> <span class='ocrx_word' id='word_1_142' title='bbox 806 3186 913 3250; x_wconf 90' lang='lat' dir='ltr'><strong>missis</strong></span> <span class='ocrx_word' id='word_1_143' title='bbox 937 3194 1083 3249; x_wconf 89' lang='lat' dir='ltr'><strong>senatum</strong></span> <span class='ocrx_word' id='word_1_144' title='bbox 1106 3183 1255 3249; x_wconf 89' lang='lat' dir='ltr'><strong>consilia-</strong></span> 
     </span>
     <span class='ocr_line' id='line_1_22' title="bbox 157 3294 1252 3381; baseline -0.002 -23"><span class='ocrx_word' id='word_1_145' title='bbox 157 3294 252 3377; x_wconf 86' lang='lat' dir='ltr'><strong>rium,</strong></span> <span class='ocrx_word' id='word_1_146' title='bbox 274 3305 310 3359; x_wconf 92' lang='lat' dir='ltr'><strong>ut</strong></span> <span class='ocrx_word' id='word_1_147' title='bbox 334 3296 413 3361; x_wconf 90' lang='lat' dir='ltr'><strong>dicit</strong></span> <span class='ocrx_word' id='word_1_148' title='bbox 436 3321 464 3361; x_wconf 89' lang='lat' dir='ltr'><strong>v.</strong></span> <span class='ocrx_word' id='word_1_149' title='bbox 479 3297 530 3381; x_wconf 77' lang='lat'><strong>56,</strong></span> <span class='ocrx_word' id='word_1_150' title='bbox 546 3298 580 3361; x_wconf 90' lang='lat' dir='ltr'><strong>in</strong></span> <span class='ocrx_word' id='word_1_151' title='bbox 608 3297 705 3362; x_wconf 89' lang='lat' dir='ltr'><strong>corde</strong></span> <span class='ocrx_word' id='word_1_152' title='bbox 726 3306 892 3362; x_wconf 87' lang='lat' dir='ltr'><strong>convocat.</strong></span> <span class='ocrx_word' id='word_1_153' title='bbox 928 3296 999 3361; x_wconf 88' lang='lat' dir='ltr'><strong>Nec</strong></span> <span class='ocrx_word' id='word_1_154' title='bbox 1022 3316 1098 3359; x_wconf 87' lang='lat' dir='ltr'><strong>sane</strong></span> <span class='ocrx_word' id='word_1_155' title='bbox 1124 3294 1252 3376; x_wconf 86' lang='lat' dir='ltr'><strong>desunt,</strong></span> 
     </span>
     <span class='ocr_line' id='line_1_23' title="bbox 160 3402 1254 3492; baseline -0.001 -25"><span class='ocrx_word' id='word_1_156' title='bbox 160 3403 276 3489; x_wconf 89' lang='lat' dir='ltr'><strong>quibus</strong></span> <span class='ocrx_word' id='word_1_157' title='bbox 304 3428 339 3469; x_wconf 91' lang='lat' dir='ltr'><strong>se</strong></span> <span class='ocrx_word' id='word_1_158' title='bbox 362 3405 431 3492; x_wconf 87' lang='lat' dir='ltr'><strong>ipse</strong></span> <span class='ocrx_word' id='word_1_159' title='bbox 451 3416 527 3471; x_wconf 90' lang='lat' dir='ltr'><strong>ante</strong></span> <span class='ocrx_word' id='word_1_160' title='bbox 550 3407 719 3473; x_wconf 88' lang='lat' dir='ltr'><strong>consilium</strong></span> <span class='ocrx_word' id='word_1_161' title='bbox 742 3404 782 3470; x_wconf 91' lang='lat' dir='ltr'><strong>ad</strong></span> <span class='ocrx_word' id='word_1_162' title='bbox 807 3415 938 3469; x_wconf 89' lang='lat' dir='ltr'><strong>strenue</strong></span> <span class='ocrx_word' id='word_1_163' title='bbox 962 3404 1125 3489; x_wconf 88' lang='lat' dir='ltr'><strong>agendum</strong></span> <span class='ocrx_word' id='word_1_164' title='bbox 1145 3402 1254 3468; x_wconf 87' lang='lat' dir='ltr'><strong>horta·</strong></span> 
     </span>
     <span class='ocr_line' id='line_1_24' title="bbox 158 3513 1255 3601; baseline 0.001 -27"><span class='ocrx_word' id='word_1_165' title='bbox 158 3519 211 3574; x_wconf 88' lang='lat' dir='ltr'><strong>tur</strong></span> <span class='ocrx_word' id='word_1_166' title='bbox 228 3513 273 3590; x_wconf 81' lang='lat' dir='ltr'><strong>(v.</strong></span> <span class='ocrx_word' id='word_1_167' title='bbox 287 3513 438 3597; x_wconf 64' lang='lat' dir='ltr'><strong>{ra-59),</strong></span> <span class='ocrx_word' id='word_1_168' title='bbox 458 3537 540 3601; x_wconf 89' lang='lat' dir='ltr'><strong>quae</strong></span> <span class='ocrx_word' id='word_1_169' title='bbox 556 3525 664 3580; x_wconf 89' lang='lat' dir='ltr'><strong>tamen</strong></span> <span class='ocrx_word' id='word_1_170' title='bbox 681 3538 754 3580; x_wconf 89' lang='lat' dir='ltr'><strong>cum</strong></span> <span class='ocrx_word' id='word_1_171' title='bbox 779 3514 930 3579; x_wconf 91' lang='lat' dir='ltr'><strong>continuo</strong></span> <span class='ocrx_word' id='word_1_172' title='bbox 954 3521 1107 3597; x_wconf 90' lang='lat' dir='ltr'><strong>sequatur</strong></span> <span class='ocrx_word' id='word_1_173' title='bbox 1130 3521 1255 3576; x_wconf 89' lang='lat' dir='ltr'><strong>certum</strong></span> 
     </span>
     <span class='ocr_line' id='line_1_25' title="bbox 160 3621 463 3687; baseline 0.007 -3"><span class='ocrx_word' id='word_1_174' title='bbox 160 3621 331 3686; x_wconf 88' lang='lat' dir='ltr'><strong>consilium</strong></span> <span class='ocrx_word' id='word_1_175' title='bbox 356 3645 386 3687; x_wconf 91' lang='lat' dir='ltr'><strong>v.</strong></span> <span class='ocrx_word' id='word_1_176' title='bbox 407 3624 463 3686; x_wconf 81' lang='lat'><strong>60:</strong></span> 
     </span>
    </p>

    <p class='ocr_par' dir='ltr' id='par_1_5' title="bbox 245 3719 1258 3818">
     <span class='ocr_line' id='line_1_26' title="bbox 245 3719 1258 3818; baseline -0.008 -18"><span class='ocrx_word' id='word_1_177' title='bbox 245 3719 288 3800; x_wconf 74' lang='lat' dir='ltr'><strong>dt</strong></span> <span class='ocrx_word' id='word_1_178' title='bbox 312 3730 452 3796; x_wconf 89' lang='lat' dir='ltr'><strong>eundem</strong></span> <span class='ocrx_word' id='word_1_179' title='bbox 476 3754 586 3796; x_wconf 88' lang='lat' dir='ltr'><strong>senem</strong></span> <span class='ocrx_word' id='word_1_180' title='bbox 613 3734 804 3818; x_wconf 84' lang='lat' dir='ltr'><strong>dppugnare</strong></span> <span class='ocrx_word' id='word_1_181' title='bbox 816 3732 973 3794; x_wconf 74' lang='lat' dir='ltr'><strong>certumst</strong></span> <span class='ocrx_word' id='word_1_182' title='bbox 989 3727 1157 3793; x_wconf 83' lang='lat' dir='ltr'><strong>consilium</strong></span> <span class='ocrx_word' id='word_1_183' title='bbox 1170 3724 1258 3792; x_wconf 92' lang='lat' dir='ltr'><strong>mihi.</strong></span> 
     </span>
    </p>
   </div>
   <div class='ocr_carea' id='block_1_4' title="bbox 208 3869 290 3876">
    <p class='ocr_par' dir='ltr' id='par_1_6' title="bbox 208 3869 290 3876">
     <span class='ocr_line' id='line_1_27' title="bbox 208 3869 290 3876; baseline 0.012 -3"><span class='ocrx_word' id='word_1_184' title='bbox 208 3869 290 3876; x_wconf 36' lang='lat' dir='ltr'><strong>mma..</strong></span> 
     </span>
    </p>
   </div>
   <div class='ocr_carea' id='block_1_5' title="bbox 157 3909 1260 4279">
    <p class='ocr_par' dir='ltr' id='par_1_7' title="bbox 157 3909 1260 4279">
     <span class='ocr_line' id='line_1_28' title="bbox 233 3909 1257 4003; baseline -0.008 -17"><span class='ocrx_word' id='word_1_185' title='bbox 233 3933 258 4002; x_wconf 86' lang='lat'><strong>1)</strong></span> <span class='ocrx_word' id='word_1_186' title='bbox 274 3909 316 3987; x_wconf 87' lang='lat' dir='ltr'><strong>Ne</strong></span> <span class='ocrx_word' id='word_1_187' title='bbox 335 3933 404 3988; x_wconf 87' lang='lat' dir='ltr'><strong>haec</strong></span> <span class='ocrx_word' id='word_1_188' title='bbox 424 3918 467 3999; x_wconf 85' lang='lat' dir='ltr'><strong>iis,</strong></span> <span class='ocrx_word' id='word_1_189' title='bbox 494 3951 565 4003; x_wconf 88' lang='lat' dir='ltr'><strong>quae</strong></span> <span class='ocrx_word' id='word_1_190' title='bbox 589 3951 673 4003; x_wconf 84' lang='lat' dir='ltr'><strong>supra</strong></span> <span class='ocrx_word' id='word_1_191' title='bbox 697 3933 732 3987; x_wconf 92' lang='lat' dir='ltr'><strong>de</strong></span> <span class='ocrx_word' id='word_1_192' title='bbox 757 3930 915 4002; x_wconf 83' lang='lat' dir='ltr'><strong>argumenti</strong></span> <span class='ocrx_word' id='word_1_193' title='bbox 938 3929 1105 4000; x_wconf 78' lang='lat' dir='ltr'><strong>integritate</strong></span> <span class='ocrx_word' id='word_1_194' title='bbox 1128 3925 1257 3989; x_wconf 86' lang='lat' dir='ltr'><strong>disserui,</strong></span> 
     </span>
     <span class='ocr_line' id='line_1_29' title="bbox 158 4023 1259 4100; baseline -0.006 -15"><span class='ocrx_word' id='word_1_195' title='bbox 158 4048 316 4100; x_wconf 84' lang='lat' dir='ltr'><strong>repugnare</strong></span> <span class='ocrx_word' id='word_1_196' title='bbox 337 4034 429 4099; x_wconf 87' lang='lat' dir='ltr'><strong>putes,</strong></span> <span class='ocrx_word' id='word_1_197' title='bbox 454 4031 566 4100; x_wconf 87' lang='lat' dir='ltr'><strong>Epidici</strong></span> <span class='ocrx_word' id='word_1_198' title='bbox 585 4031 700 4085; x_wconf 88' lang='lat' dir='ltr'><strong>lacunae</strong></span> <span class='ocrx_word' id='word_1_199' title='bbox 719 4047 775 4083; x_wconf 91' lang='lat' dir='ltr'><strong>non</strong></span> <span class='ocrx_word' id='word_1_200' title='bbox 794 4028 848 4082; x_wconf 84' lang='lat' dir='ltr'><strong>nisi</strong></span> <span class='ocrx_word' id='word_1_201' title='bbox 870 4027 979 4097; x_wconf 88' lang='lat' dir='ltr'><strong>aliquot</strong></span> <span class='ocrx_word' id='word_1_202' title='bbox 998 4042 1097 4080; x_wconf 87' lang='lat' dir='ltr'><strong>scenae</strong></span> <span class='ocrx_word' id='word_1_203' title='bbox 1114 4023 1259 4079; x_wconf 80' lang='lat' dir='ltr'><strong>versiculis</strong></span> 
     </span>
     <span class='ocr_line' id='line_1_30' title="bbox 157 4119 1260 4197; baseline -0.007 -14"><span class='ocrx_word' id='word_1_204' title='bbox 157 4127 339 4183; x_wconf 87' lang='lat' dir='ltr'><strong>continentur</strong></span> <span class='ocrx_word' id='word_1_205' title='bbox 356 4126 453 4197; x_wconf 89' lang='lat' dir='ltr'><strong>itaque</strong></span> <span class='ocrx_word' id='word_1_206' title='bbox 472 4130 537 4181; x_wconf 90' lang='lat' dir='ltr'><strong>sunt</strong></span> <span class='ocrx_word' id='word_1_207' title='bbox 555 4130 742 4197; x_wconf 87' lang='lat' dir='ltr'><strong>comparatae,</strong></span> <span class='ocrx_word' id='word_1_208' title='bbox 761 4127 793 4179; x_wconf 91' lang='lat' dir='ltr'><strong>ut</strong></span> <span class='ocrx_word' id='word_1_209' title='bbox 808 4124 884 4178; x_wconf 87' lang='lat' dir='ltr'><strong>nulla</strong></span> <span class='ocrx_word' id='word_1_210' title='bbox 901 4123 990 4192; x_wconf 90' lang='lat' dir='ltr'><strong>ipsius</strong></span> <span class='ocrx_word' id='word_1_211' title='bbox 1007 4120 1125 4176; x_wconf 86' lang='lat' dir='ltr'><strong>actionis</strong></span> <span class='ocrx_word' id='word_1_212' title='bbox 1136 4137 1203 4190; x_wconf 86' lang='lat' dir='ltr'><strong>pars</strong></span> <span class='ocrx_word' id='word_1_213' title='bbox 1213 4119 1260 4176; x_wconf 87' lang='lat' dir='ltr'><strong>de·</strong></span> 
     </span>
     <span class='ocr_line' id='line_1_31' title="bbox 158 4222 686 4279; baseline -0.017 -2"><span class='ocrx_word' id='word_1_214' title='bbox 158 4222 307 4279; x_wconf 79' lang='lat' dir='ltr'><strong>rideretur.</strong></span> <span class='ocrx_word' id='word_1_215' title='bbox 684 4231 686 4234; x_wconf 52' lang='lat'><em>⁴</em></span> 
     </span>
    </p>
   </div>
   <div class='ocr_carea' id='block_1_6' title="bbox 0 0 1420 4830">
    <p class='ocr_par' dir='ltr' id='par_1_8' title="bbox 0 0 1420 4830">
     <span class='ocr_line' id='line_1_32' title="bbox 0 0 1420 4830; baseline 0 0"><span class='ocrx_word' id='word_1_216' title='bbox 0 0 1420 4830; x_wconf 95' lang='lat' dir='ltr'><strong> </strong></span> 
     </span>
    </p>
   </div>
  </div>
 </body>
</html>
