2820 4830
732 239 808 313 '16

235 431 340 516 ipsam
364 431 478 496 consili
505 453 600 518 quam
632 431 796 496 indixerat
830 433 990 498 actionem
1028 432 1238 498 desiderabis.
1282 435 1335 500 Ri-

237 539 383 605 diculum
406 541 493 604 enim
515 553 563 604 est
586 551 660 604 ante
682 563 751 604 rem
774 543 912 625 aliquam
945 543 1045 606 multa
1074 543 1226 629 praefari,
1262 552 1337 629 post

238 672 308 713 rem
333 649 435 736 ipsam
459 649 608 713 intactam
630 649 826 733 relinquere.
871 650 983 735 Atque
1018 650 1252 714 offendendum
1287 660 1336 713 est

237 756 335 821 etiam
357 758 390 820 in
412 757 583 843 praecipiti
607 759 646 822 ab
667 757 769 821 altera
793 757 832 820 ad
851 752 986 844 primam
1002 781 1172 846 personam
1187 758 1334 823 transitu.

237 864 320 928 Nam
344 865 403 930 etsi
428 865 527 928 ‘maha’
549 865 630 929 illud
652 889 683 931 v.
696 865 737 929 liO
762 867 919 952 probabili
941 877 1066 931 tantum
1086 868 1274 931 coniectura
1286 867 1334 930 in·

237 981 363 1036 vectum
386 983 444 1056 est,
477 973 660 1059 imperativi
684 975 716 1054 ‘a',
738 976 759 1051 i,
784 973 858 1058 aar,
883 996 963 1058 quos
987 999 1005 1038 a
1027 975 1243 1061 typographis
1266 997 1332 1041 non

236 1081 334 1166 plene
358 1089 507 1146 exaratos
531 1103 603 1144 esse
617 1082 740 1146 Pareus
760 1082 965 1167 lamentatur,
980 1105 1088 1167 neque
1106 1082 1212 1148 minus
1231 1083 1333 1146 verba

236 1192 303 1255 ‘dac
327 1192 400 1255 iam’
424 1191 538 1255 vitiosa
561 1201 643 1272 sunt,
665 1202 701 1254 ut
724 1201 755 1256 et
780 1214 839 1278 per
862 1215 896 1256 se
918 1192 1068 1278 intellegi
1092 1201 1220 1279 poterat
1243 1203 1336 1258 etex

236 1300 454 1366 Ambrosiano
472 1299 528 1386 (R)
550 1309 675 1366 constat
695 1300 766 1364 ‘ibo'
792 1311 824 1365 et
842 1301 969 1364 ‘dicam’
993 1310 1144 1384 testante,
1164 1311 1201 1365 ut
1220 1301 1331 1364 ‘intro’

242 1409 440 1492 glossemate
463 1409 566 1474 eiecto
589 1432 702 1474 vorsus
726 1409 918 1474 scribendus
942 1409 1002 1475 sit:

318 1509 382 1584 'Ibo
405 1528 503 1603 atquc
526 1518 728 1583 adulescenti
754 1518 858 1582 dicam
891 1522 1001 1584 ndstro
1025 1519 1096 1583 erili
1120 1518 1198 1585 filio.

239 1628 293 1694 Ad
318 1650 399 1712 quae
423 1629 637 1693 certi-ssimum
659 1629 720 1693 hoc
740 1629 867 1692 accedit
890 1629 930 1692 ad
953 1629 1157 1695 indicandam
1187 1630 1334 1693 lacunam

237 1746 477 1822 argumentum,
499 1738 583 1821 quod
600 1738 701 1802 verba
721 1740 775 1802 ‘ad
796 1743 931 1802 carradam
948 1739 1062 1802 seaem’
1088 1739 1158 1823 (Ad
1175 1739 1334 1804 eundum:

239 1846 314 1928 AR)
337 1845 443 1928 iniis,
467 1868 549 1928 quae
574 1869 660 1911 nunc
681 1847 889 1928 antecedunt,
911 1847 1008 1932 plane
1031 1870 1096 1912 non
1118 1847 1248 1929 habent,
1271 1869 1335 1930 quo

238 1955 432 2019 referantur.
477 1954 568 2018 Nihil
597 1977 673 2018 sane
705 1955 833 2021 facilius
863 1955 902 2019 ad
933 1955 1141 2019 mutandum:
1173 1977 1229 2020 seu
1261 1978 1336 2020 cum

237 2063 388 2129 Acidalio
413 2064 469 2126 ‘At
494 2064 632 2128 tandem’
658 2065 841 2149 scribimus,
872 2086 929 2128 seu
962 2064 1060 2129 Bothi
1088 2064 1333 2128 ‘Adcuradumet'

236 2182 292 2238 ant
315 2173 439 2236 Weisei
462 2173 706 2237 ‘Audeadamst’
733 2174 956 2261 praeferimus.
990 2173 1059 2239 Sed
1081 2197 1153 2239 cnm
1177 2175 1261 2238 duae
1283 2195 1334 2237 rc·

239 2283 347 2369 liquae
373 2281 569 2346 offensiones
592 2283 635 2346 ita
656 2305 723 2347 non
745 2284 910 2364 tollantur,
938 2282 1020 2346 nihil
1041 2283 1229 2346 mutandum
1252 2282 1335 2347 duco

237 2388 296 2453 sed
318 2389 465 2453 lacunam
489 2411 607 2454 censeo
632 2400 707 2454 ante
731 2415 760 2455 v,
780 2391 821 2454 60
843 2390 1047 2455 statuendam
1076 2412 1157 2457 esse.
1202 2389 1337 2456 Scilicet

236 2496 411 2582 Epidicum
433 2497 538 2562 varias
569 2497 696 2582 argenti
728 2498 915 2563 excutiendi
939 2498 1125 2564 occasiones
1150 2497 1336 2585 circumspi-

238 2607 379 2671 cientem
403 2615 452 2670 sat
473 2605 630 2670 credibile
649 2617 697 2671 est
716 2606 885 2671 meliorem
904 2608 1027 2672 nullam
1043 2607 1217 2690 invenisse,
1241 2629 1335 2693 quam
1377 2654 1381 2661 ·

236 2716 411 2779 utiterum
435 2715 468 2779 in
491 2716 598 2800 ipsum
620 2738 711 2780 erum
734 2716 897 2781 machinas
919 2739 993 2780 suas
1016 2715 1165 2800 ictusque
1188 2716 1335 2780 intende-

236 2832 295 2886 ret.
331 2823 436 2905 Quem
451 2846 523 2887 cum
545 2833 761 2907 permoveret,
785 2832 821 2887 ut
831 2824 964 2887 amicam
978 2824 1044 2888 nati
1058 2834 1222 2907 tamquam
1232 2822 1334 2910 ipsius

235 2932 334 2996 filiam
358 2941 490 3004 emeret,
520 2941 658 3017 argento
681 2932 742 2995 iam
767 2933 1038 3014 circumduxerat,
1070 2943 1105 2996 ut
1126 2932 1200 2997 hinc
1225 2934 1335 3015 verba,

237 3061 318 3124 quae
341 3050 531 3126 sequuntur,
548 3039 681 3104 facilem
703 3041 1080 3127 haberentexplicatum.

322 3148 457 3230 Actss,
481 3149 555 3213 sel
584 3149 675 3213 initio
707 3159 781 3236 post
803 3150 932 3238 Epidici
954 3152 1053 3215 verba
1073 3150 1335 3214 adolescentibus

237 3266 360 3322 tautum
381 3266 413 3320 et
444 3257 681 3343 spectatoribus
712 3258 822 3322 audita
852 3281 966 3323 senum
999 3259 1040 3322 de
1069 3259 1203 3323 alterius
1233 3280 1335 3323 uxore

236 3365 434 3450 colloquium
457 3365 518 3428 ista
540 3363 668 3452 Epidici
694 3366 840 3431 oratione
863 3367 1079 3453 interruptum
1102 3367 1150 3433 sic
1173 3367 1334 3431 continua·

236 3485 288 3539 tur
310 3499 341 3539 v.
360 3475 397 3538 6:

320 3586 385 3671 Ap.
430 3583 595 3650 Continuo
620 3595 655 3649 ut
677 3589 811 3649 maritus
834 3586 899 3650 fiat.
944 3585 1000 3649 Pe.
1025 3584 1140 3649 Laudo
1164 3584 1335 3649 consilidm

941 3770 945 3778 ἢ
1191 3703 1293 3760 tuum.

236 3801 302 3868 Ubi
338 3802 407 3865 iure
443 3802 579 3866 offendit
615 3803 831 3887 Ladewigius,
867 3804 921 3888 qui
953 3803 1083 3886 quidem
1115 3804 1176 3869 hac
1207 3823 1335 3889 quoque

237 3910 419 3974 offensione
442 3910 481 3974 ad
505 3911 752 3975 contaminatam
776 3911 916 3974 fabulam
941 3911 1155 3990 evincendam
1175 3935 1252 3978 usus
1276 3921 1335 3977 est.

156 4050 160 4059 ·
236 4019 303 4086 Sed
327 4019 458 4082 omnino
481 4019 514 4083 in
537 4041 633 4085 scena
655 4019 725 4082 fieri
748 4020 862 4104 nequit
886 4022 1082 4107 nequcullo
1097 4023 1169 4086 loco
1184 4046 1202 4086 a
1217 4021 1336 4085 Plauto

235 4127 282 4193 sic
302 4127 486 4192 institutum
518 4138 577 4211 est,
605 4138 642 4193 ut
674 4128 874 4213 colloquium
906 4129 1048 4217 aliquod,
1075 4130 1131 4195 ubi
1155 4154 1173 4194 a
1194 4152 1336 4220 persona
1382 4112 1384 4118 Ι
