2820 4830
694 286 714 350 9

240 472 342 556 Quasi
358 494 417 558 pro
434 471 489 535 illa
505 481 678 557 argentum
692 470 865 556 acceperit,
888 489 970 554 quae
988 473 1095 535 tecum
1112 468 1250 533 adducta

1043 580 1127 641 nrine
1150 587 1207 642 cst.

154 691 205 755 Ex
232 691 282 754 his
305 711 413 755 nonne
437 691 564 771 mirum,
600 689 624 752 si
647 690 708 753 hac
733 688 821 754 omni
845 689 877 751 in
898 688 1007 753 fabula
1030 698 1139 752 eontra
1161 689 1249 753 leno·

155 820 229 862 nem
253 798 335 863 nihil
360 798 526 863 efficitur?
559 796 641 861 Nam
665 797 785 861 nemini
804 799 963 881 profectu,
987 795 1041 882 qui
1058 817 1153 880 quam
1170 795 1251 859 haec

154 917 240 973 esset
264 901 374 970 fabula
397 906 538 992 simplex
560 916 592 969 et
615 929 679 970 una
711 914 742 969 et
774 928 845 969 cum
881 905 968 970 omni
1003 904 1107 968 inutili
1141 926 1250 968 rerum

154 1016 350 1081 abundantia
373 1038 497 1097 carens,
520 1025 588 1079 tum
613 1017 711 1101 plena
733 1027 840 1078 tamen
866 1024 963 1098 atque
985 1015 1251 1102 perfectarepu·

155 1124 280 1205 taverit,
301 1123 458 1188 credibile
484 1122 648 1188 videbitur
671 1122 832 1187 interiisse
868 1144 992 1203 scenae,
1028 1123 1143 1208 quibus
1173 1120 1251 1209 Epi-

155 1231 245 1296 dicus
265 1255 340 1295 suas
361 1231 394 1294 in
422 1233 574 1312 lenonem
601 1230 768 1295 machinas
790 1229 970 1293 moliretur.
1024 1229 1121 1294 Esset
1150 1229 1252 1312 igitur

155 1341 235 1405 haec
269 1362 359 1404 mera
394 1340 515 1404 servuli
548 1339 801 1422 vaniloquentia,
842 1362 904 1426 qua
935 1339 1021 1402 inter
1052 1347 1252 1424 spectatores

88 1520 90 1523 ,
156 1451 196 1516 de
223 1476 279 1516 sua
302 1452 479 1516 ealliditate
503 1451 688 1537 opinionem
719 1423 784 1516 nori
808 1461 933 1538 poterat
965 1474 1029 1515 non
1052 1451 1198 1514 minuere
1221 1462 1254 1514 et

156 1560 347 1642 debilitare3
383 1584 450 1626 non
476 1561 562 1624 enim
586 1543 759 1626 exsecutus
782 1571 878 1642 esset,
909 1583 990 1648 quae
1019 1582 1053 1624 se
1082 1569 1250 1648 perpetra·

158 1679 265 1733 turum
294 1669 451 1754 gloriatus
484 1679 562 1734 erat.
624 1670 774 1751 Accedit,
797 1671 882 1754 quod
906 1670 949 1749 id,
977 1670 1062 1756 quod
1084 1669 1255 1756 promittit,

157 1779 275 1842 mirum
298 1787 347 1842 est
370 1787 402 1841 et
424 1800 557 1864 prorsus
580 1777 771 1842 inauditum.
810 1777 895 1842 Nam
921 1802 1115 1866 quamquam
1142 1787 1254 1842 contra

155 1889 290 1952 lenones
311 1886 345 1950 in
375 1885 541 1950 comoedia
565 1908 676 1950 omncs
695 1896 770 1951 sunt
794 1886 868 1950 odio
893 1888 1083 1951 inflammati
1114 1898 1146 1951 et
1176 1897 1252 1951 tam·

157 2018 252 2082 quam
275 1995 432 2059 coniurati
460 2005 567 2078 atque,
602 1995 758 2081 quidquid
788 1996 924 2060 iniuriae
948 1996 986 2060 iis
1015 1996 1165 2077 infertur,
1192 1995 1254 2059 hoe

156 2103 226 2167 iure
253 2105 373 2168 factum
396 2103 526 2184 dicitur,
557 2112 664 2166 tamen
690 2105 775 2187 quod
798 2105 851 2168 hic
868 2127 980 2169 servus
1003 2126 1036 2167 se
1052 2105 1086 2168 in
1103 2104 1253 2168 lenonem

159 2213 415 2276 machinaturum
441 2235 510 2278 esse
544 2213 703 2298 promittit
728 2234 856 2277 omnem
884 2214 1016 2277 modum
1040 2213 1171 2277 excedit
1195 2234 1256 2276 nee
1291 2216 1295 2222 ’

159 2331 280 2385 tantum
305 2321 481 2386 infacetum
505 2335 564 2404 est,
590 2323 646 2387 sed
664 2323 847 2387 absurdum.
883 2323 971 2406 Quid
997 2324 1110 2388 enim?
1135 2321 1255 2401 Quam·

156 2430 206 2495 vis
240 2453 347 2517 neque
382 2432 490 2496 lenoni
523 2454 631 2515 neque
675 2435 777 2496 altera
807 2456 849 2495 ex
880 2442 973 2520 parte
996 2431 1172 2517 Periphani
1202 2440 1256 2494 aut

158 2540 318 2627 Apoecidi
342 2539 382 2604 dc
401 2541 529 2604 fidicina
547 2542 670 2606 Thebis
693 2543 833 2612 adducta
857 2543 1032 2630 quidquam
1056 2549 1193 2622 constet,
1214 2561 1256 2604 ex

159 2649 306 2733 negotio,
334 2648 421 2731 quod
443 2649 528 2713 inter
555 2671 610 2712 eos
634 2652 681 2731 fit,
704 2650 846 2735 speeiem
871 2650 959 2732 oriri,
989 2648 1077 2732 quasi
1109 2671 1168 2735 pro
1198 2648 1255 2712 illa
1294 2650 1298 2657 ’

157 2768 328 2843 argentum
354 2757 495 2820 solutum
516 2757 556 2820 sit
580 2768 611 2820 et
635 2769 818 2844 acceptum,
846 2781 940 2841 quam
963 2768 1079 2822 neutra
1101 2779 1175 2840 pars
1196 2779 1256 2821 no-

157 2866 256 2931 verit!
302 2867 399 2949 Quod
424 2866 451 2930 si
481 2867 550 2930 fieri
585 2867 699 2953 potuit,
734 2868 823 2932 dieas
853 2866 961 2948 velim,
991 2866 1069 2952 quid
1099 2891 1166 2931 non
1200 2889 1254 2953 po-

158 2974 263 3039 tuerit.
315 2975 427 3062 Atque
463 2986 582 3058 quanto
612 2977 804 3040 insolentior
828 2987 876 3041 est
899 2978 980 3041 haec
1009 2977 1095 3040 servi
1126 2975 1255 3057 fiducia,

158 3093 244 3148 tanto
270 3084 373 3170 magis
396 3083 609 3169 flagitandum
631 3096 711 3168 erat,
745 3095 781 3149 ut
804 3109 867 3170 qua
889 3085 941 3148 via
962 3086 1002 3149 ad
1027 3095 1155 3149 tantum
1177 3085 1252 3149 faci·

158 3215 221 3256 nus
250 3193 385 3277 adgredi
418 3193 530 3276 vellet,
563 3193 672 3278 aliquo
705 3194 802 3259 modo
835 3194 1065 3280 significaret.¹
1110 3192 1189 3276 Sed,
1220 3203 1256 3257 ut
1299 3225 1301 3229 ·

159 3323 255 3387 supra
277 3301 357 3382 dixi,
390 3302 485 3367 huius
512 3303 558 3366 rei
581 3315 654 3388 post
683 3305 773 3367 nulla
800 3306 837 3368 fit
871 3304 1001 3368 mentio.
1055 3303 1124 3367 Iam
1155 3302 1257 3386 igitur

157 3410 182 3472 si
208 3411 403 3498 quaerimuS,
441 3437 516 3478 num
547 3437 604 3502 per
624 3414 933 3478 contaminationem
959 3414 1004 3478 rei
1025 3423 1092 3476 tam
1117 3411 1254 3475 mirabili

158 3534 320 3607 tamquam
343 3526 382 3589 ab
408 3527 477 3612 ipso
502 3535 595 3612 poeta
620 3524 784 3611 proiectae
807 3524 905 3588 fidem
928 3527 1035 3587 faeere
1060 3523 1168 3604 liceat,
1196 3544 1255 3586 cur

160 3632 236 3696 mihi
261 3634 294 3698 in
318 3635 377 3698 hac
397 3635 525 3718 quidem
550 3636 668 3717 fabula,
699 3633 785 3717 quod
818 3632 859 3696 ad
883 3642 1110 3718 argumentum
1132 3631 1257 3715 attinet,

159 3752 246 3807 tanta
272 3767 345 3807 eum
378 3767 454 3808 eura
484 3749 569 3808 sacta
599 3743 787 3828 negandum
821 3764 891 3806 esse
919 3740 1096 3822 videretur,
1122 3763 1254 3804 eausam

159 3851 221 3914 inm
244 3853 367 3938 aperui.
399 3853 593 3918 Persuasum
617 3852 717 3938 igitur
740 3853 842 3916 habeo
861 3852 920 3915 hos
941 3873 1054 3914 versus
1071 3867 1136 3914 non
1159 3871 1255 3934 posse

157 3959 266 4024 illatos
287 3982 357 4024 esse
381 3962 440 4024 nisi
467 3962 506 4025 ab
531 3961 671 4043 homine,
696 3962 749 4048 qui
772 3985 837 4025 non
859 3960 987 4025 fabulae
1004 3959 1189 4023 universam
1204 3982 1252 4022 ra·

159 4069 280 4132 tionem
312 4070 369 4133 sed
417 4070 511 4134 huius
545 4070 609 4134 loci
641 4080 766 4134 tantum
802 4069 842 4133 ad
875 4069 1008 4133 lenones
1044 4067 1251 4131 lacessendos

159 4179 436 4266 opportunitatem
462 4190 635 4268 spectaret,
667 4203 723 4244 seu
757 4180 782 4244 is
816 4202 927 4244 versus
951 4189 983 4243 ct
1005 4202 1023 4240 a
1048 4176 1156 4240 verbis
1180 4186 1255 4240 cta
