2820 4830
742 282 785 350 34

284 437 354 556 ep.
376 467 474 534 men
502 467 660 533 molestus
681 469 726 534 ne
754 467 847 534 sies?
877 436 940 534 nn.
962 467 1070 535 Abeo.
1107 460 1164 557 ΔΕΡ
1184 436 1309 549 nese.

852 577 944 642 abire
967 577 1045 643 hine
1066 577 1132 642 nen
1155 576 1268 644 sinam.

292 685 354 750 Th.
380 684 467 767 Quld
492 707 580 750 nune
601 685 725 751 retines
748 685 824 752 me?
847 686 907 774 ΕΡ.
920 687 1063 752 Amatne
1084 685 1189 770 istam,
1212 709 1309 772 quam

720 793 798 858 emit
818 793 859 859 de
882 793 1028 882 praede?
1051 794 1111 859 Th.
1130 793 1267 883 Rogas?

291 903 442 992 Deperit.
485 903 547 992 ΕΡ.
573 899 678 990 [Heu.
702 903 877 989 detegetur
898 904 1023 969 cerium
1046 904 1087 969 de
1108 906 1203 989 terge
1224 927 1309 970 meo.

295 1014 356 1079 Th.
380 1014 526 1099 Plt'lsque
551 1004 636 1076 am'at
660 1034 757 1097 quam
775 1021 807 1076 te
832 1013 977 1097 tnquam
998 1012 1128 1080 amavit.
1160 1013 1222 1101 Ep.
1235 1013 1310 1101 Iep-

953 1119 1041 1208 piter
1063 1129 1095 1187 te
1117 1121 1265 1208 perduit!

207 1231 249 1295 65
293 1228 355 1295 Th.
377 1230 471 1295 Mtte
496 1252 584 1294 nune
607 1227 671 1292 itm
696 1224 790 1316 [me].
822 1226 907 1293 Nam
929 1227 987 1293 ille
1012 1228 1163 1317 [dtidum]
1180 1251 1233 1294 me
1253 1252 1309 1295 vo·

1051 1339 1111 1403 tuit
1134 1338 1267 1403 domum

289 1442 375 1514 'Iret
407 1448 447 1512 ad
472 1446 709 1514 Cha'eribt'llum
727 1445 822 1511 iussit
843 1445 907 1511 hte
936 1444 971 1510 in
998 1470 1214 1534 proxumum:
1247 1444 1308 1535 [tit-

1119 1554 1198 1644 que]
1219 1556 1265 1621 ibi

276 1665 339 1734 'Se
363 1688 513 1731 manere:
536 1665 586 1730 Εο
610 1665 700 1753 ἰΡεύε
721 1666 914 1730 venturu'st.
958 1665 1020 1752 Ep.
1044 1665 1131 1747 Quid
1148 1665 1218 1731 ita‘?
1245 1665 1308 1731 Th.

874 1774 1010 1840 Dicam:
1032 1776 1118 1858 Quia
1137 1786 1266 1862 patrem

291 1887 388 1952 Prius
411 1908 446 1950 se
470 1884 647 1950 conventre
671 1906 738 1948 non
760 1884 830 1948 volt
851 1887 960 1970 neque
983 1906 1017 1949 se
1042 1884 1278 1972 conspicerien

294 1994 402 2075 Quem
433 1992 468 2056 id
500 2002 686 2078 argentum,
716 1993 803 2078 qued
826 1991 965 2057 debetur
986 2013 1047 2081 pro
1069 1993 1137 2075 illa,
1158 1993 1307 2060 dinume-

1130 2102 1264 2168 reverit.

208 2213 249 2277 70
291 2211 354 2299 ΕΡ.
376 2211 463 2293 Het'l,
495 2208 615 2296 edepol
645 2232 700 2275 res
729 2209 953 2275 tfirbulentast
991 2208 1053 2274 Th.
1075 2211 1168 2276 Mitte
1192 2234 1246 2275 me
1270 2222 1307 2277 ut

995 2341 1068 2384 eam
1089 2320 1177 2384 nt'lne
1200 2319 1265 2383 iam

212 2434 215 2440 ’
289 2427 463 2512 †Haeeine
484 2427 541 2491 ubi
562 2426 658 2491 scibit
679 2448 793 2511 senex,
814 2426 935 2515 puppis
957 2426 1158 2515 pereundast
1177 2429 1293 2515 probe.

290 2536 351 2601 Th.
363 2536 450 2617 Quid
461 2535 545 2600 istuc
558 2534 598 2599 ed
612 2535 688 2600 med
701 2535 986 2621 ettinet,qu0t1'1te
999 2535 1171 2600 interbitts
1183 2535 1306 2601 modo?

291 2646 353 2734 ΕΡ.
378 2645 462 2726 Quia
484 2641 576 2735 [ego]
600 2643 689 2708 solus
713 2644 801 2729 nelo,
825 2665 955 2708 meeum
978 2646 1011 2709 te
1026 2644 1123 2732 cupio
1139 2645 1306 2731 perbitere

290 2754 497 2819 Benevolum
519 2775 593 2818 eum
615 2752 846 2818 benevolente.
882 2752 943 2820 Th.
969 2753 1038 2819 Abi
1052 2755 1085 2818 in
1099 2754 1219 2818 malam
1235 2777 1306 2819 rem

1076 2863 1265 2928 mtxumem

206 2974 246 3038 75
290 2971 374 3038 Cum
395 2975 477 3038 istae
505 2971 711 3038 condicitne.
756 2972 819 3060 ΕΡ.
842 2971 861 3036 Ι
888 2995 977 3056 sane,
1006 2974 1033 3037 si
1063 2971 1142 3058 quid
1169 2972 1306 3038 festines

1148 3102 1264 3166 magm.

281 3333 316 3384 61
334 3329 419 3389 Potin
438 3332 471 3382 ut
489 3329 625 3385 molestus
643 3347 678 3384 ne
696 3330 818 3387 eistVP.
899 3333 933 3385 62
952 3346 998 3384 me
1014 3328 1200 3398 retineesz.
1271 3331 1306 3384 63

204 3426 329 3496 ‘degitur
352 3426 461 3480 corium
479 3426 514 3480 de
540 3430 623 3497 tergo
641 3427 712 3481 meo’
736 3430 841 3484 Nomen
859 3449 887 3498 p.
902 3433 952 3480 191
974 3429 1005 3481 G.
1115 3428 1150 3480 66
1167 3425 1213 3478 Ire
1233 3444 1240 3478 ι
1257 3426 1307 3491 Μ.,

205 3523 308 3578 Venire
329 3510 342 3575 :³
355 3521 408 3591 Vp.
527 3525 561 3577 67
580 3524 702 3577 ‘Manere
723 3541 751 3577 se
768 3523 851 3576 iussit
869 3523 926 3594 (⁴ee'
946 3529 1170 3579 manutenenda
1187 3521 1254 3590 VP.)
1273 3538 1305 3575 eo

204 3623 343 3674 venturus
363 3622 405 3671 est
423 3619 501 3687 ipsus
520 3637 526 3672 :
547 3619 600 3687 Vp.
689 3621 724 3674 68
741 3619 899 3688 conspicari
917 3637 923 3671 ε
942 3618 995 3688 Vp.
1095 3621 1129 3672 70
1147 3618 1200 3671 ‘eu’
1220 3635 1226 3670 ε
1247 3616 1305 3672 VP.

204 3733 275 3767 em
295 3722 367 3770 olim.
448 3718 481 3768 71
503 3723 635 3788 Corrupit
651 3737 743 3772 verme
764 3723 900 3772 medelam
919 3736 975 3771 non
994 3722 1094 3770 invem.
1187 3717 1221 3767 72
1240 3714 1305 3768 med

204 3807 316 3872 attinet,
339 3827 394 3878 quo
413 3813 503 3865 tute·
525 3815 609 3867 Botti
607 3833 648 3877 ue,
673 3829 717 3865 me
739 3815 781 3865 att
781 3811 841 3865 inet
866 3813 972 3880 quotu
954 3810 1123 3880 u:.-Vp
1140 3810 1170 3863 in
1171 3809 1304 3865 terbitas:

203 3905 269 3959 Μ.
261 3910 304 3959 1nt
306 3923 409 3960 ereas:
429 3906 482 3975 Vp.
555 3911 589 3961 73
607 3906 678 3974 Quia
695 3907 790 3977 perire
808 3906 884 3961 eolus
903 3907 977 3972 n010‚
996 3910 1025 3960 te
1043 3906 1126 3975 cupio
1144 3906 1305 3975 perireme·

204 4017 269 4054 eum
288 4019 294 4054 :
313 4000 377 4071 Vp,
397 4008 430 4057 de
449 4024 501 4073 quo
519 4025 599 4060 verm
616 4010 677 4060 vide
697 4024 766 4074 quae
784 4008 863 4075 infra
883 4008 1022 4075 disputavi
1036 4018 1064 4070 p.
1078 4003 1121 4055 38.
1200 4005 1235 4056 74
1252 4002 1304 4056 Be·

204 4097 336 4151 nevolum
356 4116 363 4151 :
381 4098 429 4163 M..
454 4099 624 4155 Benevolens
645 4118 651 4154 :
670 4099 723 4169 Vp.
742 4129 777 4140 --
794 4117 953 4154 maxumam
975 4116 992 4152 a
1015 4115 1060 4152 me
1080 4116 1086 4152 :
1105 4097 1158 4167 Vp.
1183 4105 1215 4155 in
1227 4105 1305 4166 fine,-

135 4239 138 4245 .
203 4211 274 4249 corr.
296 4199 420 4252 Guietm.
