2820 4830
685 279 722 343 11

241 465 308 530 Pro
330 462 474 528 fidicina.
496 466 627 549 argenti
650 463 753 527 minas
773 485 808 528 se
830 463 951 528 habere
976 462 1223 551 quinquaginta.

200 555 204 561 ’
241 573 372 660 Quippe
387 576 450 657 ego
466 571 521 656 qui
535 572 652 637 nudius
667 572 782 636 tertius
795 572 875 637 meis
889 571 1036 637 munibus
1050 570 1253 636 dinumerdvi

243 682 309 747 Pro
330 683 387 746 illa
408 692 462 746 tua
484 681 596 764 amica,
619 685 713 766 quam
733 693 827 768 pater
840 706 930 747 suam
945 682 1049 747 filiam
1068 703 1140 746 esse
1153 684 1254 748 retur.

158 791 223 860 Ubi
254 790 288 854 in
316 790 458 855 numeris
490 790 550 854 sibi
581 813 647 854 non
677 790 859 855 constitisse
889 801 1029 876 poetam,
1063 814 1134 854 eum
1157 791 1199 871 V,
1224 791 1254 868 2,

158 899 199 964 28
223 909 256 964 et
279 899 321 964 40
343 900 479 966 eandem
498 900 662 965 fidicinam
685 900 818 983 triginta
842 900 937 964 minis
958 909 1099 988 emptam
1117 900 1252 978 diceret,

156 1017 245 1072 recte
278 1008 448 1096 perspexit
474 1008 654 1090 Acidalius,
687 1008 741 1092 qui
764 1029 799 1072 se
833 1032 895 1094 quo
926 1008 1012 1073 hunc
1043 1008 1251 1073 oeconomiae

159 1112 304 1183 errorem
327 1127 416 1203 tegat
440 1118 582 1182 colorem
605 1127 659 1181 aut
682 1118 791 1181 velum
815 1118 934 1182 habere
960 1128 1067 1203 nogat.
1092 1117 1163 1182 Nec
1185 1118 1251 1182 tale

157 1227 265 1291 velum
287 1226 476 1294 Gronovius
498 1228 683 1314 repperisse
707 1228 890 1293 censendus
913 1227 985 1308 erit,
1020 1227 1074 1312 qui
1105 1227 1145 1291 ad
1168 1227 1252 1292 hanc

158 1336 309 1421 confugit
343 1336 605 1423 explicationem,
636 1336 820 1421 ‘Epidicum
848 1336 965 1402 vernili
996 1336 1128 1422 ingenio
1151 1347 1183 1401 et
1208 1335 1252 1400 ia·

157 1445 279 1510 atentia
296 1469 455 1511 summam
468 1445 554 1533 apud
575 1446 657 1510 alios
680 1446 790 1511 vorbis
811 1447 1051 1533 exaggerasse.
1085 1447 1171 1512 Num
1192 1446 1253 1531 igi-

156 1566 207 1620 tur
235 1556 293 1621 tali
317 1556 351 1621 in
374 1556 553 1621 offensione
576 1557 658 1620 cauti
693 1568 790 1643 atque
824 1557 994 1644 prudentis
1017 1558 1116 1623 fuerit
1146 1557 1251 1622 critici

156 1665 189 1729 in
212 1688 250 1731 eo
274 1665 496 1750 acquiescere,
526 1666 611 1748 quod
636 1689 703 1730 non
726 1666 828 1730 semel
849 1667 986 1732 Plautus
1015 1667 1048 1731 in
1078 1669 1176 1733 rebus
1205 1689 1250 1732 se·

158 1774 322 1840 cundariis
338 1775 616 1860 negligentiorem
640 1798 675 1840 se
690 1777 850 1861 praebuit,
871 1800 942 1842 cum
961 1778 1023 1842 hoc
1046 1777 1119 1842 loco
1143 1775 1252 1864 quanti

155 1883 289 1949 fidicina
309 1883 365 1947 illa
389 1883 551 1948 veniverit
573 1907 625 1949 res
647 1884 687 1948 sit
706 1886 826 1950 nullius
851 1886 1034 1952 momenti?
1069 1888 1157 1970 Age,
1176 1907 1251 1950 eon·

157 1995 300 2057 ieramus
335 1995 421 2057 inter
443 2016 477 2058 sc
500 2015 664 2077 numeros,
694 1994 749 2078 qui
778 1994 811 2059 in
837 1995 896 2059 hac
917 1995 1027 2060 fabula
1048 1994 1080 2060 in
1117 1995 1251 2080 emptio·

156 2099 251 2166 nibus
277 2112 473 2166 occurrunt:
517 2102 735 2190 Acropolistis
757 2127 776 2167 a
798 2126 892 2168 servo
917 2127 974 2191 pro
998 2104 1065 2169 filia
1085 2104 1253 2192 supposita

157 2209 290 2295 triginta
312 2211 408 2276 minis
429 2221 566 2293 constat,
593 2213 632 2294 V,
654 2213 684 2296 2,
704 2212 745 2277 38
766 2222 798 2276 et
816 2213 867 2288 40,
899 2213 1038 2278 Telestis
1059 2212 1180 2278 Thebis
1198 2213 1252 2277 ad·

158 2319 254 2384 dueta
280 2320 504 2407 quadraginta,
527 2321 555 2400 I,
579 2324 605 2403 1,
626 2323 684 2406 503
709 2322 752 2404 II,
774 2321 805 2407 2,
829 2323 880 2406 38,
892 2322 1051 2410 Epidicus
1072 2348 1090 2386 a
1111 2345 1188 2388 sene
1211 2323 1252 2387 ad

156 2428 202 2494 fili
224 2429 358 2494 amicam
382 2432 552 2496 emendam
579 2433 816 2519 quinquaginta
840 2432 959 2519 accipit
973 2432 1078 2515 111,2‚
1100 2434 1148 2515 11,
1161 2432 1253 2498 miles

158 2541 330 2625 sexaginte
352 2563 412 2628 pro
433 2543 536 2608 amica
567 2544 734 2631 promittit.
789 2543 930 2627 Qualem
965 2543 1000 2608 in
1029 2543 1172 2609 numeris
1200 2567 1252 2608 va·

156 2650 329 2716 rictionem
352 2674 425 2716 eram
450 2675 524 2718 casu
550 2653 664 2718 factam
689 2675 759 2718 esse
784 2653 951 2741 probabile
976 2676 1041 2718 non
1064 2654 1115 2737 sit,
1137 2675 1249 2718 conee-

155 2759 300 2824 dendum
324 2762 386 2826 erit
412 2762 508 2828 ctiam
530 2763 635 2828 inhia
657 2763 799 2828 numeris
825 2762 1019 2828 adornandis
1044 2773 1172 2849 poetam
1191 2762 1247 2827 ali<

156 2891 252 2956 quam
280 2869 428 2955 posuisse
451 2895 560 2936 curam
585 2874 688 2961 iisque
709 2872 873 2937 variandis
905 2872 1082 2957 diligenter
1115 2873 1252 2955 cavisse,

156 3000 207 3060 ne,
230 2978 315 3062 quod
339 2981 548 3045 metuendum
573 2992 651 3066 erat,
673 2983 872 3068 emptionum
897 2980 1105 3045 multitudine
1129 2991 1251 3067 speeta-

154 3096 242 3150 torcs
272 3085 474 3154 fallerentur.
534 3090 651 3177 Neque
679 3100 788 3155 tamen
824 3091 884 3154 hac
917 3089 1145 3154 observatione
1180 3090 1252 3154 sola

153 3192 239 3258 istud
262 3194 302 3259 ad
330 3205 445 3282 poetae
469 3197 707 3284 negligentiam
733 3198 920 3284 confugium
941 3197 1035 3262 nobis
1049 3197 1250 3280 occluditur,

154 3303 344 3390 repellimur
365 3304 521 3388 indidem,
537 3307 570 3370 ¹si
596 3306 848 3392 consideramus,
881 3308 940 3372 hac
963 3307 1087 3393 ipsein
1110 3329 1145 3372 re
1168 3317 1248 3372 tam

155 3433 250 3494 quarn
275 3413 441 3479 cardinem
468 3436 578 3479 rerum
611 3416 704 3495 verti,
738 3417 901 3503 quomodo
932 3417 1006 3482 leno
1037 3418 1252 3503 responsione

155 3545 211 3584 sua
234 3522 320 3610 apud
345 3523 550 3611 Apoecidem
574 3525 673 3591 fidem
696 3527 794 3591 faciat
814 3538 996 3611 argentum,
1020 3527 1107 3611 quod
1128 3527 1155 3590 is
1176 3527 1246 3614 ipse

154 3630 282 3695 tradere
307 3630 456 3716 debebat,
471 3634 511 3697 ab
524 3634 661 3719 Epidico
675 3636 738 3699 iam
753 3635 991 3700 dinumeratum
1005 3659 1085 3702 esse.
1126 3634 1248 3702 Servus

153 3759 230 3803 vero
255 3739 341 3804 haud
364 3741 462 3806 dubie
482 3756 552 3806 rem
574 3742 619 3807 ita
651 3744 855 3808 instituturus
889 3753 946 3825 est,
980 3754 1015 3808 ut
1039 3744 1244 3831 Apoecidem

154 3846 318 3929 lenonem,
340 3871 417 3913 num
442 3850 482 3913 ab
497 3849 635 3937 Epidico
660 3860 830 3936 argentum
852 3850 1027 3938 acceperit,
1049 3851 1252 3937 interrogare

153 3954 272 4038 iubeat,
300 3956 387 4040 quod
411 3958 515 4044 illum,
548 3960 602 4045 qui
627 3981 662 4024 re
684 3983 761 4024 vera
782 3959 917 4046 triginta
942 3960 1045 4025 minas
1066 3984 1084 4024 a
1106 3981 1140 4025 se
1161 3981 1252 4025 acce-

151 4064 248 4151 perit,
290 4065 525 4133 affirmaturum
562 4091 633 4135 esse
664 4092 797 4158 sperare
828 4079 946 4157 potest.
989 4068 1085 4152 Nam,
1113 4070 1139 4134 si
1175 4068 1253 4155 quid

154 4173 260 4258 video,
280 4173 313 4240 in
329 4177 393 4242 boc
415 4177 498 4266 ipso,
513 4187 549 4242 ut
560 4179 749 4266 Apoecides
760 4180 801 4243 de
814 4189 951 4268 argento
963 4178 1251 4265 interrogationem
