<?xml version="1.0" encoding="UTF-8"?>
<!DOCTYPE html PUBLIC "-//W3C//DTD XHTML 1.0 Transitional//EN"
    "http://www.w3.org/TR/xhtml1/DTD/xhtml1-transitional.dtd">
<html xmlns="http://www.w3.org/1999/xhtml" xml:lang="en" lang="en">
 <head>
  <title>
</title>
<meta http-equiv="Content-Type" content="text/html;charset=utf-8" />
  <meta name='ocr-system' content='tesseract 3.04.00' />
  <meta name='ocr-capabilities' content='ocr_page ocr_carea ocr_par ocr_line ocrx_word'/>
</head>
<body>
  <div class='ocr_page' id='page_1' title='image "./deplautiepidico01muelgoog_0021.png"; bbox 0 0 2820 4830; ppageno 0'>
   <div class='ocr_carea' id='block_1_1' title="bbox 737 264 776 327">
    <p class='ocr_par' dir='ltr' id='par_1_1' title="bbox 737 264 776 327">
     <span class='ocr_line' id='line_1_1' title="bbox 737 264 776 327; baseline 0 0"><span class='ocrx_word' id='word_1_1' title='bbox 737 264 776 327; x_wconf 83' lang='lat'>12</span> 
     </span>
    </p>
   </div>
   <div class='ocr_carea' id='block_1_2' title="bbox 205 444 1307 3908">
    <p class='ocr_par' dir='ltr' id='par_1_2' title="bbox 205 444 1307 3908">
     <span class='ocr_line' id='line_1_2' title="bbox 215 444 1307 537; baseline 0.004 -28"><span class='ocrx_word' id='word_1_2' title='bbox 215 469 279 511; x_wconf 92' lang='lat' dir='ltr'>non</span> <span class='ocrx_word' id='word_1_3' title='bbox 302 444 380 522; x_wconf 83' lang='lat' dir='ltr'>satis</span> <span class='ocrx_word' id='word_1_4' title='bbox 403 446 546 530; x_wconf 88' lang='lat' dir='ltr'>definiat,</span> <span class='ocrx_word' id='word_1_5' title='bbox 576 447 620 511; x_wconf 90' lang='lat' dir='ltr'>ita</span> <span class='ocrx_word' id='word_1_6' title='bbox 652 458 687 512; x_wconf 91' lang='lat' dir='ltr'>ut</span> <span class='ocrx_word' id='word_1_7' title='bbox 717 448 787 534; x_wconf 90' lang='lat' dir='ltr'>ipso</span> <span class='ocrx_word' id='word_1_8' title='bbox 818 450 858 514; x_wconf 93' lang='lat' dir='ltr'>de</span> <span class='ocrx_word' id='word_1_9' title='bbox 889 473 973 514; x_wconf 86' lang='lat' dir='ltr'>nova</span> <span class='ocrx_word' id='word_1_10' title='bbox 1005 451 1145 536; x_wconf 87' lang='lat' dir='ltr'>pecunia</span> <span class='ocrx_word' id='word_1_11' title='bbox 1175 451 1307 537; x_wconf 82' lang='lat' dir='ltr'>cogitet,</span> 
     </span>
     <span class='ocr_line' id='line_1_3' title="bbox 210 539 1306 646; baseline 0.002 -27"><span class='ocrx_word' id='word_1_12' title='bbox 210 555 285 620; x_wconf 90' lang='lat' dir='ltr'>leno</span> <span class='ocrx_word' id='word_1_13' title='bbox 310 555 350 619; x_wconf 89' lang='lat' dir='ltr'>do</span> <span class='ocrx_word' id='word_1_14' title='bbox 373 565 508 641; x_wconf 86' lang='lat' dir='ltr'>argento</span> <span class='ocrx_word' id='word_1_15' title='bbox 531 578 638 642; x_wconf 84' lang='lat' dir='ltr'>nuper</span> <span class='ocrx_word' id='word_1_16' title='bbox 659 559 776 642; x_wconf 90' lang='lat' dir='ltr'>soluto,</span> <span class='ocrx_word' id='word_1_17' title='bbox 800 569 867 622; x_wconf 85' lang='lat' dir='ltr'>tota</span> <span class='ocrx_word' id='word_1_18' title='bbox 884 561 972 624; x_wconf 86' lang='lat' dir='ltr'>fraus</span> <span class='ocrx_word' id='word_1_19' title='bbox 989 559 1094 646; x_wconf 88' lang='lat' dir='ltr'>posita</span> <span class='ocrx_word' id='word_1_20' title='bbox 1108 568 1165 622; x_wconf 85' lang='lat' dir='ltr'>est.</span> <span class='ocrx_word' id='word_1_21' title='bbox 1200 539 1306 623; x_wconf 87' lang='lat' dir='ltr'>Doleo</span> 
     </span>
     <span class='ocr_line' id='line_1_4' title="bbox 207 665 605 750; baseline 0.005 -24"><span class='ocrx_word' id='word_1_22' title='bbox 207 665 310 747; x_wconf 85' lang='lat' dir='ltr'>igitur</span> <span class='ocrx_word' id='word_1_23' title='bbox 332 687 361 728; x_wconf 83' lang='lat' dir='ltr'>v.</span> <span class='ocrx_word' id='word_1_24' title='bbox 384 666 425 728; x_wconf 84' lang='lat'>30</span> <span class='ocrx_word' id='word_1_25' title='bbox 447 665 605 750; x_wconf 83' lang='lat' dir='ltr'>legoque:</span> 
     </span>
     <span class='ocr_line' id='line_1_5' title="bbox 293 771 1302 859; baseline 0 -23"><span class='ocrx_word' id='word_1_26' title='bbox 293 771 328 837; x_wconf 80' lang='lat' dir='ltr'>Si</span> <span class='ocrx_word' id='word_1_27' title='bbox 358 772 411 859; x_wconf 90' lang='lat' dir='ltr'>qui</span> <span class='ocrx_word' id='word_1_28' title='bbox 435 772 474 836; x_wconf 72' lang='lat' dir='ltr'>td</span> <span class='ocrx_word' id='word_1_29' title='bbox 496 793 569 835; x_wconf 89' lang='lat' dir='ltr'>eum</span> <span class='ocrx_word' id='word_1_30' title='bbox 593 772 777 854; x_wconf 79' lang='lat' dir='ltr'>adveniant,</span> <span class='ocrx_word' id='word_1_31' title='bbox 803 776 837 836; x_wconf 84' lang='lat' dir='ltr'>rit</span> <span class='ocrx_word' id='word_1_32' title='bbox 858 773 917 838; x_wconf 88' lang='lat' dir='ltr'>sibi</span> <span class='ocrx_word' id='word_1_33' title='bbox 941 773 1052 838; x_wconf 89' lang='lat' dir='ltr'>datum</span> <span class='ocrx_word' id='word_1_34' title='bbox 1083 776 1154 839; x_wconf 78' lang='lat' dir='ltr'>esse</span> <span class='ocrx_word' id='word_1_35' title='bbox 1187 795 1302 859; x_wconf 84' lang='lat' dir='ltr'>argen-</span> 
     </span>
     <span class='ocr_line' id='line_1_6' title="bbox 1042 881 1265 964; baseline 0 -20"><span class='ocrx_word' id='word_1_36' title='bbox 1042 892 1109 946; x_wconf 90' lang='lat' dir='ltr'>tum</span> <span class='ocrx_word' id='word_1_37' title='bbox 1130 881 1265 964; x_wconf 67' lang='lat' dir='ltr'>dicatl),</span> 
     </span>
     <span class='ocr_line' id='line_1_7' title="bbox 292 989 1304 1076; baseline 0 -23"><span class='ocrx_word' id='word_1_38' title='bbox 292 989 423 1076; x_wconf 83' lang='lat' dir='ltr'>Quippe</span> <span class='ocrx_word' id='word_1_39' title='bbox 445 993 507 1073; x_wconf 75' lang='lat' dir='ltr'>ego</span> <span class='ocrx_word' id='word_1_40' title='bbox 535 990 621 1073; x_wconf 81' lang='lat' dir='ltr'>quod</span> <span class='ocrx_word' id='word_1_41' title='bbox 644 989 762 1054; x_wconf 88' lang='lat' dir='ltr'>nudius</span> <span class='ocrx_word' id='word_1_42' title='bbox 787 990 901 1054; x_wconf 80' lang='lat' dir='ltr'>tertius</span> <span class='ocrx_word' id='word_1_43' title='bbox 922 991 1002 1054; x_wconf 89' lang='lat' dir='ltr'>meis</span> <span class='ocrx_word' id='word_1_44' title='bbox 1036 991 1183 1055; x_wconf 87' lang='lat' dir='ltr'>manibus</span> <span class='ocrx_word' id='word_1_45' title='bbox 1215 989 1304 1053; x_wconf 93' lang='lat' dir='ltr'>dinu-</span> 
     </span>
     <span class='ocr_line' id='line_1_8' title="bbox 1132 1099 1264 1163; baseline 0.008 -1"><span class='ocrx_word' id='word_1_46' title='bbox 1132 1099 1264 1163; x_wconf 78' lang='lat' dir='ltr'>meravi.</span> 
     </span>
     <span class='ocr_line' id='line_1_9' title="bbox 209 1206 1302 1294; baseline 0.002 -26"><span class='ocrx_word' id='word_1_47' title='bbox 209 1206 318 1292; x_wconf 83' lang='lat' dir='ltr'>Atque</span> <span class='ocrx_word' id='word_1_48' title='bbox 344 1206 486 1269; x_wconf 88' lang='lat' dir='ltr'>hiscum</span> <span class='ocrx_word' id='word_1_49' title='bbox 513 1207 611 1271; x_wconf 89' lang='lat' dir='ltr'>totius</span> <span class='ocrx_word' id='word_1_50' title='bbox 634 1208 696 1271; x_wconf 91' lang='lat' dir='ltr'>loci</span> <span class='ocrx_word' id='word_1_51' title='bbox 719 1208 835 1272; x_wconf 87' lang='lat' dir='ltr'>rationi</span> <span class='ocrx_word' id='word_1_52' title='bbox 851 1207 1050 1272; x_wconf 85' lang='lat' dir='ltr'>satisfactum</span> <span class='ocrx_word' id='word_1_53' title='bbox 1066 1217 1161 1290; x_wconf 88' lang='lat' dir='ltr'>esset,</span> <span class='ocrx_word' id='word_1_54' title='bbox 1173 1217 1302 1294; x_wconf 87' lang='lat' dir='ltr'>poetam</span> 
     </span>
     <span class='ocr_line' id='line_1_10' title="bbox 209 1315 1303 1380; baseline 0 -2"><span class='ocrx_word' id='word_1_55' title='bbox 209 1317 333 1378; x_wconf 89' lang='lat' dir='ltr'>certum</span> <span class='ocrx_word' id='word_1_56' title='bbox 368 1337 538 1379; x_wconf 92' lang='lat' dir='ltr'>numerum</span> <span class='ocrx_word' id='word_1_57' title='bbox 575 1326 809 1380; x_wconf 84' lang='lat' dir='ltr'>memorantem</span> <span class='ocrx_word' id='word_1_58' title='bbox 842 1315 882 1379; x_wconf 89' lang='lat' dir='ltr'>de</span> <span class='ocrx_word' id='word_1_59' title='bbox 918 1316 1020 1379; x_wconf 91' lang='lat' dir='ltr'>nihilo</span> <span class='ocrx_word' id='word_1_60' title='bbox 1052 1316 1111 1380; x_wconf 90' lang='lat' dir='ltr'>sibi</span> <span class='ocrx_word' id='word_1_61' title='bbox 1146 1316 1303 1380; x_wconf 86' lang='lat' dir='ltr'>maximas</span> 
     </span>
     <span class='ocr_line' id='line_1_11' title="bbox 208 1422 1301 1510; baseline 0.001 -24"><span class='ocrx_word' id='word_1_62' title='bbox 208 1422 417 1487; x_wconf 83' lang='lat' dir='ltr'>difficultates</span> <span class='ocrx_word' id='word_1_63' title='bbox 452 1435 634 1488; x_wconf 87' lang='lat' dir='ltr'>creaturum</span> <span class='ocrx_word' id='word_1_64' title='bbox 667 1424 766 1488; x_wconf 89' lang='lat' dir='ltr'>fuisse</span> <span class='ocrx_word' id='word_1_65' title='bbox 796 1447 861 1488; x_wconf 94' lang='lat' dir='ltr'>non</span> <span class='ocrx_word' id='word_1_66' title='bbox 889 1424 994 1489; x_wconf 89' lang='lat' dir='ltr'>minus</span> <span class='ocrx_word' id='word_1_67' title='bbox 1027 1434 1172 1510; x_wconf 87' lang='lat' dir='ltr'>apparet,</span> <span class='ocrx_word' id='word_1_68' title='bbox 1205 1448 1301 1510; x_wconf 87' lang='lat' dir='ltr'>quam</span> 
     </span>
     <span class='ocr_line' id='line_1_12' title="bbox 205 1532 1298 1622; baseline -0.001 -27"><span class='ocrx_word' id='word_1_69' title='bbox 205 1532 343 1596; x_wconf 84' lang='lat' dir='ltr'>alterum</span> <span class='ocrx_word' id='word_1_70' title='bbox 366 1533 459 1614; x_wconf 90' lang='lat' dir='ltr'>illud,</span> <span class='ocrx_word' id='word_1_71' title='bbox 480 1535 578 1598; x_wconf 89' lang='lat' dir='ltr'>verba</span> <span class='ocrx_word' id='word_1_72' title='bbox 611 1554 692 1617; x_wconf 86' lang='lat' dir='ltr'>quae</span> <span class='ocrx_word' id='word_1_73' title='bbox 718 1547 898 1618; x_wconf 87' lang='lat' dir='ltr'>sequuntur</span> <span class='ocrx_word' id='word_1_74' title='bbox 921 1533 1111 1597; x_wconf 79' lang='lat' dir='ltr'>‘Vorsutior</span> <span class='ocrx_word' id='word_1_75' title='bbox 1145 1557 1176 1595; x_wconf 84' lang='lat' dir='ltr'>es</span> <span class='ocrx_word' id='word_1_76' title='bbox 1201 1557 1298 1622; x_wconf 81' lang='lat' dir='ltr'>quam</span> 
     </span>
     <span class='ocr_line' id='line_1_13' title="bbox 205 1642 1306 1730; baseline 0.003 -28"><span class='ocrx_word' id='word_1_77' title='bbox 205 1654 281 1704; x_wconf 83' lang='lat' dir='ltr'>rota</span> <span class='ocrx_word' id='word_1_78' title='bbox 297 1643 460 1728; x_wconf 73' lang='lat' dir='ltr'>fipulart&#39;s’</span> <span class='ocrx_word' id='word_1_79' title='bbox 496 1643 579 1705; x_wconf 87' lang='lat' dir='ltr'>nihil</span> <span class='ocrx_word' id='word_1_80' title='bbox 611 1642 761 1725; x_wconf 85' lang='lat' dir='ltr'>valuisse,</span> <span class='ocrx_word' id='word_1_81' title='bbox 785 1643 811 1707; x_wconf 89' lang='lat' dir='ltr'>si</span> <span class='ocrx_word' id='word_1_82' title='bbox 835 1667 866 1707; x_wconf 91' lang='lat' dir='ltr'>v.</span> <span class='ocrx_word' id='word_1_83' title='bbox 890 1643 929 1707; x_wconf 87' lang='lat'>33</span> <span class='ocrx_word' id='word_1_84' title='bbox 952 1642 1047 1730; x_wconf 62' lang='grc'>9034</span> <span class='ocrx_word' id='word_1_85' title='bbox 1070 1642 1228 1729; x_wconf 83' lang='lat' dir='ltr'>Epidicus</span> <span class='ocrx_word' id='word_1_86' title='bbox 1259 1643 1306 1706; x_wconf 89' lang='lat' dir='ltr'>fn·</span> 
     </span>
     <span class='ocr_line' id='line_1_14' title="bbox 206 1750 1306 1838; baseline 0.001 -25"><span class='ocrx_word' id='word_1_87' title='bbox 206 1772 279 1813; x_wconf 92' lang='lat' dir='ltr'>cum</span> <span class='ocrx_word' id='word_1_88' title='bbox 311 1750 434 1814; x_wconf 87' lang='lat' dir='ltr'>fecerat</span> <span class='ocrx_word' id='word_1_89' title='bbox 473 1751 749 1838; x_wconf 79' lang='lat' dir='ltr'>promiseratque,</span> <span class='ocrx_word' id='word_1_90' title='bbox 783 1774 865 1838; x_wconf 87' lang='lat' dir='ltr'>quae</span> <span class='ocrx_word' id='word_1_91' title='bbox 901 1751 1031 1816; x_wconf 90' lang='lat' dir='ltr'>omnino</span> <span class='ocrx_word' id='word_1_92' title='bbox 1072 1753 1205 1817; x_wconf 84' lang='lat' dir='ltr'>efficere</span> <span class='ocrx_word' id='word_1_93' title='bbox 1241 1773 1306 1815; x_wconf 89' lang='lat' dir='ltr'>non</span> 
     </span>
     <span class='ocr_line' id='line_1_15' title="bbox 207 1867 326 1943; baseline 0.008 -23"><span class='ocrx_word' id='word_1_94' title='bbox 207 1867 326 1943; x_wconf 87' lang='lat' dir='ltr'>posset.</span> 
     </span>
     <span class='ocr_line' id='line_1_16' title="bbox 420 1967 860 2052; baseline 0 -20"><span class='ocrx_word' id='word_1_95' title='bbox 420 1968 481 2051; x_wconf 85' lang='lat' dir='ltr'>IV,</span> <span class='ocrx_word' id='word_1_96' title='bbox 509 1970 535 2049; x_wconf 87' lang='lat'>1,</span> <span class='ocrx_word' id='word_1_97' title='bbox 557 1967 860 2052; x_wconf 73' lang='lat' dir='ltr'>41-421egi1nus:</span> 
     </span>
     <span class='ocr_line' id='line_1_17' title="bbox 565 2053 1138 2160; baseline -0.002 -19"><span class='ocrx_word' id='word_1_98' title='bbox 565 2078 622 2141; x_wconf 92' lang='lat' dir='ltr'>Pe.</span> <span class='ocrx_word' id='word_1_99' title='bbox 647 2053 718 2140; x_wconf 79' lang='lat' dir='ltr'>E&#39;ho</span> <span class='ocrx_word' id='word_1_100' title='bbox 741 2075 846 2159; x_wconf 86' lang='lat' dir='ltr'>istinc,</span> <span class='ocrx_word' id='word_1_101' title='bbox 869 2074 1042 2160; x_wconf 57' lang='lat' dir='ltr'>Canthara</span> <span class='ocrx_word' id='word_1_102' title='bbox 1063 2077 1138 2140; x_wconf 91' lang='lat' dir='ltr'>iube</span> 
     </span>
     <span class='ocr_line' id='line_1_18' title="bbox 292 2184 1202 2271; baseline 0.002 -24"><span class='ocrx_word' id='word_1_103' title='bbox 292 2184 572 2270; x_wconf 71' lang='lat' dir='ltr'>Acropolistidem</span> <span class='ocrx_word' id='word_1_104' title='bbox 595 2184 727 2271; x_wconf 89' lang='lat' dir='ltr'>prodire</span> <span class='ocrx_word' id='word_1_105' title='bbox 750 2184 852 2247; x_wconf 81' lang='lat' dir='ltr'>filiam</span> <span class='ocrx_word' id='word_1_106' title='bbox 875 2194 950 2248; x_wconf 87' lang='lat' dir='ltr'>ante</span> <span class='ocrx_word' id='word_1_107' title='bbox 969 2185 1067 2248; x_wconf 77' lang='lat' dir='ltr'>aedes</span> <span class='ocrx_word' id='word_1_108' title='bbox 1090 2206 1202 2249; x_wconf 88' lang='lat' dir='ltr'>meam.</span> 
     </span>
     <span class='ocr_line' id='line_1_19' title="bbox 208 2291 1306 2381; baseline -0.004 -20"><span class='ocrx_word' id='word_1_109' title='bbox 208 2293 264 2361; x_wconf 82' lang='lat' dir='ltr'>Sic</span> <span class='ocrx_word' id='word_1_110' title='bbox 287 2291 374 2357; x_wconf 91' lang='lat' dir='ltr'>enim</span> <span class='ocrx_word' id='word_1_111' title='bbox 398 2292 469 2377; x_wconf 87' lang='lat' dir='ltr'>VR,</span> <span class='ocrx_word' id='word_1_112' title='bbox 490 2317 508 2357; x_wconf 89' lang='lat' dir='ltr'>a</span> <span class='ocrx_word' id='word_1_113' title='bbox 533 2316 595 2377; x_wconf 90' lang='lat' dir='ltr'>quo</span> <span class='ocrx_word' id='word_1_114' title='bbox 619 2294 652 2357; x_wconf 90' lang='lat' dir='ltr'>in</span> <span class='ocrx_word' id='word_1_115' title='bbox 672 2293 780 2378; x_wconf 92' lang='lat' dir='ltr'>priore</span> <span class='ocrx_word' id='word_1_116' title='bbox 797 2315 893 2356; x_wconf 87' lang='lat' dir='ltr'>versu</span> <span class='ocrx_word' id='word_1_117' title='bbox 916 2294 1049 2379; x_wconf 85' lang='lat' dir='ltr'>vulgata</span> <span class='ocrx_word' id='word_1_118' title='bbox 1069 2294 1165 2358; x_wconf 83' lang='lat' dir='ltr'>lectio</span> <span class='ocrx_word' id='word_1_119' title='bbox 1191 2314 1306 2381; x_wconf 86' lang='lat' dir='ltr'>perpe-</span> 
     </span>
     <span class='ocr_line' id='line_1_20' title="bbox 206 2400 1301 2490; baseline 0.002 -25"><span class='ocrx_word' id='word_1_120' title='bbox 206 2425 276 2466; x_wconf 86' lang='lat' dir='ltr'>ram</span> <span class='ocrx_word' id='word_1_121' title='bbox 300 2403 437 2465; x_wconf 91' lang='lat' dir='ltr'>multum</span> <span class='ocrx_word' id='word_1_122' title='bbox 459 2402 586 2478; x_wconf 83' lang='lat' dir='ltr'>differt3</span> <span class='ocrx_word' id='word_1_123' title='bbox 620 2411 717 2487; x_wconf 87' lang='lat' dir='ltr'>atque</span> <span class='ocrx_word' id='word_1_124' title='bbox 746 2400 840 2464; x_wconf 88' lang='lat' dir='ltr'>etiam</span> <span class='ocrx_word' id='word_1_125' title='bbox 877 2401 1131 2466; x_wconf 84' lang='lat' dir='ltr'>Ambrosianum</span> <span class='ocrx_word' id='word_1_126' title='bbox 1155 2405 1301 2490; x_wconf 88' lang='lat' dir='ltr'>Acropo-</span> 
     </span>
     <span class='ocr_line' id='line_1_21' title="bbox 205 2490 1253 2596; baseline 0.002 -22"><span class='ocrx_word' id='word_1_127' title='bbox 205 2510 324 2576; x_wconf 89' lang='lat' dir='ltr'>listidis</span> <span class='ocrx_word' id='word_1_128' title='bbox 345 2490 465 2575; x_wconf 88' lang='lat' dir='ltr'>nomen</span> <span class='ocrx_word' id='word_1_129' title='bbox 489 2509 676 2575; x_wconf 86' lang='lat' dir='ltr'>exhibuisse</span> <span class='ocrx_word' id='word_1_130' title='bbox 704 2532 746 2573; x_wconf 81' lang='lat' dir='ltr'>ex</span> <span class='ocrx_word' id='word_1_131' title='bbox 768 2510 924 2574; x_wconf 78' lang='lat' dir='ltr'>Ititscheli</span> <span class='ocrx_word' id='word_1_132' title='bbox 948 2510 1078 2575; x_wconf 89' lang='lat' dir='ltr'>schedis</span> <span class='ocrx_word' id='word_1_133' title='bbox 1102 2511 1253 2596; x_wconf 85' lang='lat' dir='ltr'>cognovi.</span> 
     </span>
     <span class='ocr_line' id='line_1_22' title="bbox 293 2619 1303 2706; baseline -0.002 -21"><span class='ocrx_word' id='word_1_134' title='bbox 293 2622 370 2706; x_wconf 87' lang='lat' dir='ltr'>Ipsa</span> <span class='ocrx_word' id='word_1_135' title='bbox 382 2619 485 2703; x_wconf 88' lang='lat' dir='ltr'>igitur</span> <span class='ocrx_word' id='word_1_136' title='bbox 496 2627 597 2682; x_wconf 89' lang='lat' dir='ltr'>matre</span> <span class='ocrx_word' id='word_1_137' title='bbox 611 2628 781 2706; x_wconf 85' lang='lat' dir='ltr'>praesente</span> <span class='ocrx_word' id='word_1_138' title='bbox 797 2640 900 2683; x_wconf 84' lang='lat' dir='ltr'>senex</span> <span class='ocrx_word' id='word_1_139' title='bbox 916 2620 1191 2706; x_wconf 86' lang='lat' dir='ltr'>Acropolistidem</span> <span class='ocrx_word' id='word_1_140' title='bbox 1203 2620 1303 2685; x_wconf 83' lang='lat' dir='ltr'>tiliam</span> 
     </span>
     <span class='ocr_line' id='line_1_23' title="bbox 207 2729 1302 2813; baseline 0 -19"><span class='ocrx_word' id='word_1_141' title='bbox 207 2731 362 2813; x_wconf 86' lang='lat' dir='ltr'>nominat,</span> <span class='ocrx_word' id='word_1_142' title='bbox 393 2729 444 2794; x_wconf 91' lang='lat' dir='ltr'>cui</span> <span class='ocrx_word' id='word_1_143' title='bbox 469 2729 627 2794; x_wconf 85' lang='lat' dir='ltr'>Telestidi</span> <span class='ocrx_word' id='word_1_144' title='bbox 656 2751 774 2794; x_wconf 90' lang='lat' dir='ltr'>nomen</span> <span class='ocrx_word' id='word_1_145' title='bbox 799 2730 898 2794; x_wconf 89' lang='lat' dir='ltr'>fuisse</span> <span class='ocrx_word' id='word_1_146' title='bbox 922 2752 963 2795; x_wconf 86' lang='lat' dir='ltr'>ex</span> <span class='ocrx_word' id='word_1_147' title='bbox 990 2732 1031 2813; x_wconf 88' lang='lat' dir='ltr'>V,</span> <span class='ocrx_word' id='word_1_148' title='bbox 1055 2736 1080 2812; x_wconf 90' lang='lat' dir='ltr'>l,</span> <span class='ocrx_word' id='word_1_149' title='bbox 1103 2733 1144 2795; x_wconf 84' lang='lat'>30</span> <span class='ocrx_word' id='word_1_150' title='bbox 1166 2741 1302 2796; x_wconf 84' lang='lat' dir='ltr'>constat.</span> 
     </span>
     <span class='ocr_line' id='line_1_24' title="bbox 205 2838 1304 2927; baseline -0.002 -21"><span class='ocrx_word' id='word_1_151' title='bbox 205 2842 334 2927; x_wconf 82' lang='lat' dir='ltr'>Aperta</span> <span class='ocrx_word' id='word_1_152' title='bbox 354 2839 456 2923; x_wconf 84' lang='lat' dir='ltr'>igitur</span> <span class='ocrx_word' id='word_1_153' title='bbox 477 2847 533 2919; x_wconf 84' lang='lat' dir='ltr'>est,</span> <span class='ocrx_word' id='word_1_154' title='bbox 556 2838 672 2922; x_wconf 89' lang='lat' dir='ltr'>inquit,</span> <span class='ocrx_word' id='word_1_155' title='bbox 694 2838 802 2904; x_wconf 87' lang='lat' dir='ltr'>Plauti</span> <span class='ocrx_word' id='word_1_156' title='bbox 824 2840 1052 2923; x_wconf 84' lang='lat' dir='ltr'>inconstantia,</span> <span class='ocrx_word' id='word_1_157' title='bbox 1085 2851 1232 2927; x_wconf 89' lang='lat' dir='ltr'>apertum</span> <span class='ocrx_word' id='word_1_158' title='bbox 1257 2842 1304 2906; x_wconf 88' lang='lat' dir='ltr'>fa·</span> 
     </span>
     <span class='ocr_line' id='line_1_25' title="bbox 205 2947 1298 3036; baseline 0 -23"><span class='ocrx_word' id='word_1_159' title='bbox 205 2949 316 3013; x_wconf 82' lang='lat' dir='ltr'>bulam</span> <span class='ocrx_word' id='word_1_160' title='bbox 339 2969 410 3011; x_wconf 87' lang='lat' dir='ltr'>esse</span> <span class='ocrx_word' id='word_1_161' title='bbox 435 2969 477 3011; x_wconf 87' lang='lat' dir='ltr'>ex</span> <span class='ocrx_word' id='word_1_162' title='bbox 493 2947 729 3011; x_wconf 77' lang='lat' dir='ltr'>contaminatis,</span> <span class='ocrx_word' id='word_1_163' title='bbox 765 2949 812 3010; x_wconf 87' lang='lat' dir='ltr'>At</span> <span class='ocrx_word' id='word_1_164' title='bbox 827 2971 922 3034; x_wconf 90' lang='lat' dir='ltr'>quam</span> <span class='ocrx_word' id='word_1_165' title='bbox 937 2949 1179 3035; x_wconf 86' lang='lat' dir='ltr'>imprudentem</span> <span class='ocrx_word' id='word_1_166' title='bbox 1192 2960 1298 3036; x_wconf 87' lang='lat' dir='ltr'>pocta,</span> 
     </span>
     <span class='ocr_line' id='line_1_26' title="bbox 207 3056 1301 3144; baseline 0 -22"><span class='ocrx_word' id='word_1_167' title='bbox 207 3081 303 3144; x_wconf 83' lang='lat' dir='ltr'>quam</span> <span class='ocrx_word' id='word_1_168' title='bbox 323 3057 480 3122; x_wconf 87' lang='lat' dir='ltr'>insulsum</span> <span class='ocrx_word' id='word_1_169' title='bbox 505 3079 539 3120; x_wconf 85' lang='lat' dir='ltr'>se</span> <span class='ocrx_word' id='word_1_170' title='bbox 556 3056 843 3120; x_wconf 88' lang='lat' dir='ltr'>contaminatorem</span> <span class='ocrx_word' id='word_1_171' title='bbox 869 3058 1093 3143; x_wconf 87' lang='lat' dir='ltr'>praestitisset,</span> <span class='ocrx_word' id='word_1_172' title='bbox 1110 3057 1135 3121; x_wconf 91' lang='lat' dir='ltr'>si</span> <span class='ocrx_word' id='word_1_173' title='bbox 1150 3057 1220 3122; x_wconf 92' lang='lat' dir='ltr'>sine</span> <span class='ocrx_word' id='word_1_174' title='bbox 1234 3059 1301 3122; x_wconf 88' lang='lat' dir='ltr'>ulla</span> 
     </span>
     <span class='ocr_line' id='line_1_27' title="bbox 205 3164 1304 3253; baseline -0.001 -23"><span class='ocrx_word' id='word_1_175' title='bbox 205 3166 343 3230; x_wconf 85' lang='lat' dir='ltr'>utilitate</span> <span class='ocrx_word' id='word_1_176' title='bbox 366 3165 491 3230; x_wconf 90' lang='lat' dir='ltr'>duabus</span> <span class='ocrx_word' id='word_1_177' title='bbox 517 3165 731 3245; x_wconf 85' lang='lat' dir='ltr'>mulierculis,</span> <span class='ocrx_word' id='word_1_178' title='bbox 756 3174 788 3228; x_wconf 92' lang='lat' dir='ltr'>et</span> <span class='ocrx_word' id='word_1_179' title='bbox 810 3164 856 3228; x_wconf 89' lang='lat' dir='ltr'>fili</span> <span class='ocrx_word' id='word_1_180' title='bbox 878 3165 1000 3229; x_wconf 89' lang='lat' dir='ltr'>amicae</span> <span class='ocrx_word' id='word_1_181' title='bbox 1033 3176 1065 3229; x_wconf 90' lang='lat' dir='ltr'>et</span> <span class='ocrx_word' id='word_1_182' title='bbox 1100 3167 1213 3247; x_wconf 87' lang='lat' dir='ltr'>sorori,</span> <span class='ocrx_word' id='word_1_183' title='bbox 1245 3188 1304 3253; x_wconf 90' lang='lat' dir='ltr'>per</span> 
     </span>
     <span class='ocr_line' id='line_1_28' title="bbox 206 3272 1303 3358; baseline 0.002 -23"><span class='ocrx_word' id='word_1_184' title='bbox 206 3273 335 3338; x_wconf 86' lang='lat' dir='ltr'>fabulae</span> <span class='ocrx_word' id='word_1_185' title='bbox 358 3282 485 3358; x_wconf 87' lang='lat' dir='ltr'>partem</span> <span class='ocrx_word' id='word_1_186' title='bbox 507 3274 593 3338; x_wconf 90' lang='lat' dir='ltr'>idem</span> <span class='ocrx_word' id='word_1_187' title='bbox 618 3295 736 3337; x_wconf 88' lang='lat' dir='ltr'>nomen</span> <span class='ocrx_word' id='word_1_188' title='bbox 759 3294 831 3336; x_wconf 84' lang='lat' dir='ltr'>esse</span> <span class='ocrx_word' id='word_1_189' title='bbox 855 3296 966 3358; x_wconf 89' lang='lat' dir='ltr'>passus</span> <span class='ocrx_word' id='word_1_190' title='bbox 993 3283 1087 3339; x_wconf 88' lang='lat' dir='ltr'>esset.</span> <span class='ocrx_word' id='word_1_191' title='bbox 1147 3272 1243 3351; x_wconf 80' lang='lat' dir='ltr'>Quod</span> <span class='ocrx_word' id='word_1_192' title='bbox 1277 3274 1303 3338; x_wconf 93' lang='lat' dir='ltr'>si</span> 
     </span>
     <span class='ocr_line' id='line_1_29' title="bbox 207 3381 1304 3470; baseline 0.002 -26"><span class='ocrx_word' id='word_1_193' title='bbox 207 3382 338 3464; x_wconf 85' lang='lat' dir='ltr'>faceret,</span> <span class='ocrx_word' id='word_1_194' title='bbox 362 3405 428 3446; x_wconf 89' lang='lat' dir='ltr'>non</span> <span class='ocrx_word' id='word_1_195' title='bbox 451 3382 557 3468; x_wconf 89' lang='lat' dir='ltr'>potuit</span> <span class='ocrx_word' id='word_1_196' title='bbox 579 3404 645 3447; x_wconf 92' lang='lat' dir='ltr'>non</span> <span class='ocrx_word' id='word_1_197' title='bbox 668 3406 800 3469; x_wconf 85' lang='lat' dir='ltr'>prorsus</span> <span class='ocrx_word' id='word_1_198' title='bbox 824 3381 941 3446; x_wconf 91' lang='lat' dir='ltr'>oblitus</span> <span class='ocrx_word' id='word_1_199' title='bbox 965 3404 1048 3463; x_wconf 87' lang='lat' dir='ltr'>esse,</span> <span class='ocrx_word' id='word_1_200' title='bbox 1071 3384 1156 3470; x_wconf 91' lang='lat' dir='ltr'>quod</span> <span class='ocrx_word' id='word_1_201' title='bbox 1181 3383 1304 3470; x_wconf 81' lang='lat' dir='ltr'>inipso</span> 
     </span>
     <span class='ocr_line' id='line_1_30' title="bbox 206 3490 1304 3578; baseline 0 -22"><span class='ocrx_word' id='word_1_202' title='bbox 206 3513 311 3575; x_wconf 85' lang='lat' dir='ltr'>scena,</span> <span class='ocrx_word' id='word_1_203' title='bbox 335 3513 416 3578; x_wconf 84' lang='lat' dir='ltr'>quac</span> <span class='ocrx_word' id='word_1_204' title='bbox 436 3491 609 3572; x_wconf 86' lang='lat' dir='ltr'>antecedit,</span> <span class='ocrx_word' id='word_1_205' title='bbox 633 3502 794 3576; x_wconf 83' lang='lat' dir='ltr'>posuerat.</span> <span class='ocrx_word' id='word_1_206' title='bbox 829 3490 913 3556; x_wconf 87' lang='lat' dir='ltr'>Nam</span> <span class='ocrx_word' id='word_1_207' title='bbox 928 3500 1039 3555; x_wconf 86' lang='lat' dir='ltr'>contra</span> <span class='ocrx_word' id='word_1_208' title='bbox 1053 3492 1188 3556; x_wconf 83' lang='lat' dir='ltr'>militem</span> <span class='ocrx_word' id='word_1_209' title='bbox 1203 3494 1304 3557; x_wconf 90' lang='lat' dir='ltr'>Acro-</span> 
     </span>
     <span class='ocr_line' id='line_1_31' title="bbox 207 3600 1307 3686; baseline 0.002 -21"><span class='ocrx_word' id='word_1_210' title='bbox 207 3600 435 3685; x_wconf 20' lang='lat' dir='ltr'>polistidem-a</span> <span class='ocrx_word' id='word_1_211' title='bbox 463 3622 541 3664; x_wconf 85' lang='lat' dir='ltr'>aene</span> <span class='ocrx_word' id='word_1_212' title='bbox 565 3609 754 3686; x_wconf 86' lang='lat' dir='ltr'>poscentem</span> <span class='ocrx_word' id='word_1_213' title='bbox 777 3601 804 3664; x_wconf 83' lang='lat' dir='ltr'>is</span> <span class='ocrx_word' id='word_1_214' title='bbox 826 3621 862 3664; x_wconf 86' lang='lat' dir='ltr'>so</span> <span class='ocrx_word' id='word_1_215' title='bbox 893 3601 1017 3663; x_wconf 87' lang='lat' dir='ltr'>nullam</span> <span class='ocrx_word' id='word_1_216' title='bbox 1047 3601 1178 3666; x_wconf 88' lang='lat' dir='ltr'>novisse</span> <span class='ocrx_word' id='word_1_217' title='bbox 1212 3602 1307 3667; x_wconf 90' lang='lat' dir='ltr'>huius</span> 
     </span>
     <span class='ocr_line' id='line_1_32' title="bbox 206 3708 1302 3794; baseline 0.001 -21"><span class='ocrx_word' id='word_1_218' title='bbox 206 3708 345 3773; x_wconf 89' lang='lat' dir='ltr'>nominis</span> <span class='ocrx_word' id='word_1_219' title='bbox 368 3709 428 3772; x_wconf 91' lang='lat' dir='ltr'>nisi</span> <span class='ocrx_word' id='word_1_220' title='bbox 447 3708 537 3772; x_wconf 89' lang='lat' dir='ltr'>illam</span> <span class='ocrx_word' id='word_1_221' title='bbox 569 3708 735 3773; x_wconf 85' lang='lat' dir='ltr'>fidicinam</span> <span class='ocrx_word' id='word_1_222' title='bbox 767 3709 833 3773; x_wconf 92' lang='lat' dir='ltr'>nati</span> <span class='ocrx_word' id='word_1_223' title='bbox 863 3709 998 3774; x_wconf 86' lang='lat' dir='ltr'>amicam</span> <span class='ocrx_word' id='word_1_224' title='bbox 1029 3710 1118 3774; x_wconf 88' lang='lat' dir='ltr'>clare</span> <span class='ocrx_word' id='word_1_225' title='bbox 1149 3711 1302 3794; x_wconf 89' lang='lat' dir='ltr'>ostendit,</span> 
     </span>
     <span class='ocr_line' id='line_1_33' title="bbox 208 3817 1304 3908; baseline 0.003 -27"><span class='ocrx_word' id='word_1_226' title='bbox 208 3817 359 3901; x_wconf 86' lang='lat' dir='ltr'>quoniam</span> <span class='ocrx_word' id='word_1_227' title='bbox 382 3817 527 3903; x_wconf 86' lang='lat' dir='ltr'>alioquin</span> <span class='ocrx_word' id='word_1_228' title='bbox 548 3820 639 3883; x_wconf 92' lang='lat' dir='ltr'>nullo</span> <span class='ocrx_word' id='word_1_229' title='bbox 664 3819 760 3884; x_wconf 90' lang='lat' dir='ltr'>modo</span> <span class='ocrx_word' id='word_1_230' title='bbox 794 3841 860 3883; x_wconf 91' lang='lat' dir='ltr'>non</span> <span class='ocrx_word' id='word_1_231' title='bbox 891 3829 1017 3905; x_wconf 84' lang='lat' dir='ltr'>poterat</span> <span class='ocrx_word' id='word_1_232' title='bbox 1048 3819 1132 3885; x_wconf 89' lang='lat' dir='ltr'>illius</span> <span class='ocrx_word' id='word_1_233' title='bbox 1157 3821 1304 3908; x_wconf 86' lang='lat' dir='ltr'>Acropo-</span> 
     </span>
    </p>
   </div>
   <div class='ocr_carea' id='block_1_3' title="bbox 206 4065 1310 4234">
    <p class='ocr_par' dir='ltr' id='par_1_3' title="bbox 206 4065 1310 4234">
     <span class='ocr_line' id='line_1_34' title="bbox 279 4065 1310 4136; baseline 0.001 -19"><span class='ocrx_word' id='word_1_234' title='bbox 279 4065 306 4133; x_wconf 81' lang='lat'>7)</span> <span class='ocrx_word' id='word_1_235' title='bbox 327 4066 422 4128; x_wconf 76' lang='lat' dir='ltr'>‘Quod&#39;</span> <span class='ocrx_word' id='word_1_236' title='bbox 448 4065 550 4135; x_wconf 86' lang='lat' dir='ltr'>scripsi</span> <span class='ocrx_word' id='word_1_237' title='bbox 569 4082 621 4135; x_wconf 90' lang='lat' dir='ltr'>pro</span> <span class='ocrx_word' id='word_1_238' title='bbox 642 4066 706 4136; x_wconf 59' lang='lat' dir='ltr'>‘qual</span> <span class='ocrx_word' id='word_1_239' title='bbox 728 4065 804 4134; x_wconf 92' lang='lat' dir='ltr'>quod</span> <span class='ocrx_word' id='word_1_240' title='bbox 822 4065 959 4119; x_wconf 82' lang='lat' dir='ltr'>traditum</span> <span class='ocrx_word' id='word_1_241' title='bbox 980 4068 1031 4125; x_wconf 84' lang='lat' dir='ltr'>est,</span> <span class='ocrx_word' id='word_1_242' title='bbox 1056 4065 1135 4119; x_wconf 84' lang='lat' dir='ltr'>cuius</span> <span class='ocrx_word' id='word_1_243' title='bbox 1159 4069 1254 4119; x_wconf 83' lang='lat' dir='ltr'>tamen</span> <span class='ocrx_word' id='word_1_244' title='bbox 1281 4066 1310 4118; x_wconf 88' lang='lat' dir='ltr'>in</span> 
     </span>
     <span class='ocr_line' id='line_1_35' title="bbox 206 4161 967 4234; baseline -0.003 -18"><span class='ocrx_word' id='word_1_245' title='bbox 206 4161 296 4216; x_wconf 84' lang='lat' dir='ltr'>vicem</span> <span class='ocrx_word' id='word_1_246' title='bbox 314 4179 340 4215; x_wconf 90' lang='lat' dir='ltr'>v.</span> <span class='ocrx_word' id='word_1_247' title='bbox 351 4164 386 4216; x_wconf 81' lang='lat'>30</span> <span class='ocrx_word' id='word_1_248' title='bbox 405 4179 461 4216; x_wconf 93' lang='lat' dir='ltr'>non</span> <span class='ocrx_word' id='word_1_249' title='bbox 480 4161 574 4216; x_wconf 84' lang='lat' dir='ltr'>deleto</span> <span class='ocrx_word' id='word_1_250' title='bbox 594 4162 679 4234; x_wconf 74' lang='lat' dir='ltr'>‘qaus&#39;</span> <span class='ocrx_word' id='word_1_251' title='bbox 698 4162 793 4231; x_wconf 89' lang='lat' dir='ltr'>potius</span> <span class='ocrx_word' id='word_1_252' title='bbox 813 4165 967 4231; x_wconf 81' lang='lat' dir='ltr'>exspectes.</span> 
     </span>
    </p>
   </div>
   <div class='ocr_carea' id='block_1_4' title="bbox 0 0 1414 4830">
    <p class='ocr_par' dir='ltr' id='par_1_4' title="bbox 0 0 1414 4830">
     <span class='ocr_line' id='line_1_36' title="bbox 0 0 1414 4830; baseline 0 0"><span class='ocrx_word' id='word_1_253' title='bbox 0 0 1414 4830; x_wconf 95' lang='lat' dir='ltr'> </span> 
     </span>
    </p>
   </div>
  </div>
 </body>
</html>
