2820 4830
718 240 760 307 48

195 424 360 510 ponebant
382 444 491 509 neque
514 423 649 489 alteram
670 421 704 490 in
729 421 786 487 tali
798 445 878 489 voce
890 424 1050 511 syllabam
1067 419 1128 488 nisi
1143 422 1175 486 in
1186 422 1293 509 primo

192 530 278 618 pede
309 553 421 596 vorsus
442 532 506 597 arsi
530 532 712 599 efferebant
726 531 777 616 ¹²),
811 533 873 597 iam
906 533 956 597 his
989 531 1068 620 ipsis
1098 531 1227 619 legibus
1260 531 1292 594 in

194 639 366 726 dactylicis
388 639 555 705 vocabulis
587 661 683 727 quam
714 637 748 705 in
778 641 894 704 ceteris
922 639 1022 724 longo
1049 638 1292 725 angustioribus

196 747 315 813 finibus
348 758 439 815 erant
471 747 625 814 conclusi.
683 747 837 814 Ceterum
868 746 954 812 idem
991 747 1129 813 sensisse
1162 745 1293 810 videtur

192 853 398 938 Ritschelius,
422 877 496 918 cum
518 852 601 919 nihil
626 861 764 919 mutaret
784 852 904 918 Pseud.
928 852 1008 918 359:
1044 847 1177 939 'laqert
1207 855 1294 916 mala

192 963 294 1027 molta
317 999 369 1046 —,
404 962 500 1027 Most.
521 960 599 1026 892:
625 996 666 1008 —
690 963 747 1048 qui
766 960 885 1024 cadere
906 955 990 1024 soles
1012 981 1168 1043 nummos,
1191 962 1292 1028 Mero.

194 1072 289 1138 1008:
315 1106 355 1116 ·-
379 1065 445 1132 Hic
467 1081 513 1131 est
536 1069 621 1130 intus
637 1063 741 1151 filicis
762 1067 853 1153 apud
872 1073 930 1130 nos
954 1079 1024 1131 tuus
1038 1066 1086 1148 ¹³),
1109 1065 1290 1153 atqueipse

189 1177 436 1261 Fleckeisenus,
458 1198 533 1241 cum
548 1173 623 1242 Rud
640 1175 720 1240 1173
740 1177 775 1241 in
793 1156 969 1241 editionem
992 1175 1174 1263 reciperet:
1200 1173 1293 1238 Folo

191 1313 273 1369 mea,
295 1290 395 1353 coloe.
417 1323 457 1332 -

276 1448 327 1513 Ita
346 1448 387 1512 ad
403 1447 522 1512 Pseud.
544 1468 575 1511 v.
591 1446 653 1511 700
674 1443 884 1533 pervenimus
906 1419 945 1510 in¹
961 1442 1172 1511 Fleckeiseni
1200 1465 1292 1509 enar·

190 1558 315 1626 satione
336 1567 554 1644 postremum:

271 1666 383 1732 Novos
406 1665 525 1730 mihist.
538 1687 556 1731 2:
570 1663 748 1730 Nimidmst
774 1664 920 1730 mortalis
943 1663 1130 1751 grdphicus,
1152 1662 1291 1730 heuretd

1127 1773 1246 1838 mihist.

193 1934 240 2000 sic
263 1935 347 1999 enim
371 1933 442 1997 vult
463 1931 561 1996 scribi
584 1931 791 2011 versiculum,
825 1953 899 1995 cum
927 1929 962 1995 in
995 1928 1086 1996 libris
1121 1929 1291 1996 ‘lteuretea’

191 2042 347 2109 traditum
370 2041 420 2125 sit,
438 2041 523 2128 apud
546 2039 757 2106 Ritschelium
781 2040 925 2104 ‘decreta
947 2041 988 2104 r's'
1010 2039 1150 2127 legatur.
1193 2040 1239 2104 At
1263 2041 1291 2105 si

187 2151 452 2240 locupletissimis
472 2150 602 2216 Bentlei
615 2150 839 2235 Ribbeckique
855 2148 1018 2215 indicibus
1034 2150 1115 2216 fides
1139 2147 1292 2214 habenda

188 2271 249 2345 est,
275 2254 407 2346 εὑρετὴς
429 2257 623 2322 vocabulum
647 2257 732 2342 apud
757 2258 900 2321 comicos
922 2258 984 2321 hoc
1013 2257 1082 2322 solo
1100 2258 1173 2323 loeo
1196 2259 1284 2322 inve-

188 2369 285 2435 nitur.
328 2366 376 2434 Ut
395 2389 460 2431 non
481 2388 553 2430 cum
582 2362 750 2430 vocabulis
776 2363 968 2446 ‘machaeus
1002 2365 1188 2452 draelcuma,
1218 2381 1284 2431 tar·

184 2475 332 2563 pessita’,
362 2472 523 2540 similibus
545 2494 609 2535 uno
631 2493 755 2558 genere
781 2472 1124 2560 comprehendendum
1147 2474 1198 2558 sit,
1225 2476 1285 2542 sed

187 2585 226 2650 iis
249 2584 290 2650 sit
312 2581 423 2647 vorbis
446 2579 736 2664 adnumerandum,
759 2602 842 2664 quae
858 2580 994 2648 Plautus
1007 2581 1089 2648 nihil
1108 2593 1229 2649 mutata
1246 2607 1289 2650 ex

188 2716 308 2782 graeca
330 2693 443 2778 lingua
465 2700 562 2775 atquc
583 2689 677 2772 adeo,
700 2688 761 2754 nisi
786 2688 972 2755 coniectura
993 2691 1088 2776 fallit,
1111 2715 1151 2759 ex
1176 2715 1285 2759 exem-

186 2803 270 2892 plari
292 2822 411 2887 graeco
426 2797 517 2863 latini
531 2796 691 2863 sermonis
706 2798 739 2862 in
751 2804 939 2862 contextum
953 2790 1128 2864 admodum
1145 2800 1287 2867 iucunde

188 2909 362 2978 transtulit.
397 2905 682 2989 Quemadmodum
700 2904 799 2969 hodio
815 2915 930 2991 poetae
951 2905 1064 2971 comici
1076 2911 1286 2975 vernaculam

186 3021 334 3107 linguam
369 3017 559 3107 quibusdam
581 3016 897 3083 Franco-Gallorum
927 3017 1145 3084 locutionibus
1177 3018 1285 3084 solent

188 3129 401 3215 distinguere.
446 3126 502 3195 Sic
526 3127 586 3191 hac
607 3126 677 3215 ipsa
698 3125 733 3189 in
754 3147 851 3191 scens
873 3149 950 3190 mox
971 3131 1014 3207 (v.
1029 3126 1103 3212 712)
1126 3126 1286 3211 legimus:

188 3239 286 3325 dupe,
318 3241 384 3301 iam
415 3231 506 3319 χάριν
534 3229 640 3321 τούτῳ
671 3237 771 3316 ποιῶ,
805 3243 841 3299 ut
871 3244 946 3298 ante
973 3258 1003 3298 v.
1029 3235 1108 3301 443:
1141 3221 1177 3300 Ὠ
1209 3239 1286 3320 Ζεῦ,

187 3371 218 3413 v.
240 3347 320 3413 483:
345 3344 408 3412 Noti
430 3339 488 3431 γάρ
512 3353 545 3409 et
566 3343 620 3408 καὶ
640 3346 738 3409 τοῦτο
761 3342 812 3407 ναὶ
832 3339 900 3427 γάρ.
936 3343 1111 3408 Praeterea
1135 3347 1286 3412 conferas

185 3455 274 3522 Trin.
290 3455 370 3520 419:
393 3467 562 3538 arpentum
583 3447 714 3535 οἴχεται,
738 3477 768 3514 v.
793 3452 872 3517 705:
898 3477 984 3538 eripe,
1010 3476 1097 3538 eope,
1114 3454 1297 3535 Lusiteles,

184 3560 293 3647 πάλιν,
316 3563 408 3654 Capt.
422 3564 499 3629 880:
520 3558 566 3647 μὰ
589 3554 807 3629 τὸνἈπόλλω
826 3573 899 3644 etc,
916 3563 1063 3650 Oaslll,
1087 3564 1116 3650 6,
1140 3568 1177 3633 9:
1201 3563 1287 3654 πρά-

184 3668 290 3760 γματά
309 3699 368 3758 μοι
390 3672 543 3760 παρέχεις
566 3683 615 3737 et:
640 3673 722 3737 dabo
737 3672 820 3760 μέγα
838 3669 947 3741 κακόν.
978 3675 1071 3742 Nihil
1092 3675 1193 3761 igitur
1212 3700 1284 3743 mu-

187 3846 385 3855 .-....-.—-..—...

259 3959 302 4029 12)
323 3958 363 4012 ef.
381 3956 495 4013 Lachm.
515 3975 614 4014 comm.
639 3958 668 4012 in
692 3958 777 4013 Luer.
795 3958 830 4024 II,
850 3963 911 4015 719.
929 3958 1037 4014 Ritseh.
1057 3958 1130 4029 prol.
1148 3959 1177 4012 in
1195 3958 1288 4017 Plaut.

183 4071 211 4124 p.
231 4057 292 4108 224.

260 4149 303 4220 13)
325 4149 474 4221 Congessit
492 4149 639 4220 Roeperus
656 4149 755 4221 philol.
772 4154 839 4205 tom
852 4152 894 4204 18.
