2820 4830
657 324 699 393 53

125 510 225 574 missa
255 533 333 576 sum.
386 511 438 578 Ib.
459 510 536 576 339:
566 548 608 559 -
638 511 730 574 salva
761 525 840 574 sum.
884 510 932 575 Ib.
954 509 1033 576 676:
1064 508 1224 573 arcessita

126 641 207 685 sum.
251 619 336 684 Men.
358 620 430 701 394,
455 620 533 684 733:
559 661 596 670 -
621 619 753 684 Sanane
773 619 829 683 es?
872 620 972 684 Mero.
996 619 1075 685 511:
1109 653 1148 664 -
1169 615 1227 680 ad·

80 748 86 757 ·
126 740 220 792 vesta
241 751 319 792 sum.
361 727 410 793 Ib.
433 728 512 794 529:
542 764 580 774 —
613 731 712 814 quoia
731 751 811 792 sum.
857 728 955 793 True.
977 727 1022 809 II,
1043 728 1074 811 6,
1093 727 1148 793 39:
1171 727 1227 788 mi·

101 832 201 901 'sera
224 860 302 900 sum.
338 835 460 923 Amph,
483 836 580 902 1058:
605 875 634 881 -
663 837 831 922 absumpta
854 859 933 903 sum.
974 835 1066 902 Asin.
1089 835 1165 902 838:
1189 871 1227 882 -

129 946 218 1010 diota
240 947 293 1010 sit.
339 943 437 1011 Cure.
458 944 536 1010 654:
557 980 599 992 -
619 944 751 1008 Sanane
775 945 834 1008 es?
875 945 972 1032 Epid.
997 945 1058 1030 IV,
1076 946 1106 1026 2,
1126 945 1165 1010 5:
1188 979 1226 991 -

128 1067 209 1119 stata
231 1056 283 1120 sit:
327 1054 376 1119 Ib.
398 1052 442 1130 II,
465 1054 494 1134 2,
519 1053 594 1120 110:
613 1089 655 1101 -
676 1053 804 1117 illane?

211 1163 275 1228 Tot
309 1162 396 1226 enim
431 1162 464 1225 in
498 1163 755 1248 quattuordecim
792 1161 910 1229 fabulis
934 1163 973 1227 ‘a'
1005 1161 1128 1227 vocalis
1158 1161 1229 1225 sins

129 1270 228 1334 dubio
253 1269 360 1334 brevis
390 1271 541 1358 exempla
563 1281 704 1356 exstant,
739 1281 828 1337 certa
849 1270 1030 1359 productae
1050 1268 1174 1336 vocalis
1195 1269 1228 1333 in

131 1379 249 1443 eodem
269 1378 453 1444 fabularum
476 1402 612 1445 numero
638 1381 701 1445 duo
717 1380 931 1469 repperimus.
966 1378 1069 1464 Atqui
1085 1377 1228 1445 brevitas

131 1510 196 1552 uno
215 1489 285 1552 fere
307 1509 421 1552 versus
444 1488 517 1553 loco
540 1491 692 1574 cognosci
715 1499 833 1578 potest,
857 1488 1082 1577 compluribus
1102 1495 1229 1574 poterat

123 1595 317 1681 ·longitud0,
351 1605 387 1660 ut
408 1595 450 1661 ad
472 1618 642 1660 numerum
662 1598 759 1683 plane
781 1597 942 1663 diversam
965 1596 1123 1661 rationem
1143 1594 1230 1661 inter

129 1704 300 1789 utriusque
321 1705 452 1791 generis
477 1704 627 1791 exempla
652 1715 832 1794 exspectes.
881 1705 973 1772 Nihil
1003 1726 1083 1790 ergo
1112 1705 1228 1792 probs·

129 1811 229 1878 bilius
263 1836 357 1897 quam
389 1814 520 1879 omnino
539 1813 690 1878 Plautum
728 1815 944 1900 productione
976 1812 1100 1879 vocalis
1135 1812 1231 1878 absti-

129 1920 252 1986 nuisse.
276 1921 324 1990 Ut
341 1922 443 2010 igitur
456 1925 555 1989 finem
568 1923 694 2002 faciam,
719 1923 781 1988 duo
801 1923 855 1988 isti
866 1921 1020 1988 versiculi
1036 1919 1229 1987 emendandi

130 2038 217 2113 sunt,
238 2052 375 2114 quorum
397 2032 536 2096 alterum
559 2031 605 2097 sic
628 2055 700 2095 cum
720 2032 901 2098 Ritsobelio
923 2032 1062 2096 scribas:
1087 2030 1131 2115 (v,
1145 2029 1229 2118 prol.

131 2138 167 2203 in
189 2140 297 2205 Plaut.
321 2165 352 2229 p.
379 2141 462 2225 182).

215 2247 267 2312 Ne
291 2249 429 2335 epistula
451 2249 582 2332 quidem
607 2245 682 2336 [illi]
713 2249 780 2314 tilla
806 2250 903 2316 sitin
927 2249 1060 2315 {sedibus

120 2354 270 2419 'alterum
294 2356 338 2420 sie
362 2356 578 2422 Fleckeiseno
597 2356 698 2421 duce:

217 2464 345 2528 Potuit:
368 2465 441 2550 plus
464 2464 527 2528 iam
553 2463 808 2552 quinqutnnium
830 2486 901 2528 sum
923 2463 1035 2528 libera.
