2820 4830
684 320 726 391 35

236 506 422 594 Numquam
446 507 615 573 hominem
626 507 826 593 quemquam
840 506 991 590 conveni,
1009 506 1098 573 unde
1115 508 1253 574 abierim

1031 617 1207 682 lubentius.

153 723 290 788 Praeter
312 745 361 805 ea,
381 746 464 808 quae
486 723 549 811 ipsi
571 745 690 788 scenae
705 723 871 812 praemisi,
893 724 991 811 pauci
1007 734 1083 791 sunt
1097 725 1172 809 loci,
1196 727 1252 811 qui

154 842 190 896 nt
219 833 435 916 intelligatur,
470 856 533 918 qua
564 833 692 898 ratione
727 857 805 899 usus
839 833 1032 898 tralaticiam
1055 834 1254 921 scripturam

155 941 333 1026 emendare
357 951 493 1006 conatus
517 941 590 1024 sim,
611 942 770 1028 singulari
795 952 916 1026 egeant
939 941 1168 1029 disputatione.
1193 946 1253 1009 At-

157 1071 220 1134 que
243 1049 386 1136 primum
407 1070 542 1133 agamus
567 1049 608 1114 de
623 1074 654 1114 v.
669 1049 709 1113 21
736 1059 769 1114 et
791 1050 842 1132 22,
868 1049 1051 1136 quivulgo,
1075 1075 1150 1116 cum
1171 1058 1253 1139 ‘per-

154 1160 295 1223 contari'
325 1158 507 1223 infinitivus
537 1159 572 1222 in
592 1159 726 1224 Vetere*
748 1159 886 1223 traditus
915 1182 990 1250 cnm
1018 1161 1138 1244 verbis,
1170 1186 1254 1248 quae

154 1265 353 1331 antecedunt
369 1265 499 1353 Epidici
521 1272 564 1330 ‘te
585 1267 682 1352 colo',
704 1267 819 1332 eodem
833 1267 1002 1332 enuntiato
1018 1270 1254 1357 comprehendi

156 1375 268 1457 soleat,
291 1384 382 1439 arcte
409 1375 597 1442 cohaerent.
625 1377 782 1441 Weiscus
804 1377 854 1442 his
877 1377 987 1441 verbis
1012 1377 1179 1465 duplicem
1199 1381 1254 1444 tri·

154 1481 225 1546 buit
247 1481 323 1564 vim,
356 1487 400 1546 ‘att
424 1486 550 1568 partim
571 1485 762 1570 suppleatur
785 1485 833 1548 ‘de'
848 1486 1035 1569 perdantl’,
1058 1491 1182 1571 parlim
1205 1513 1255 1551 re·
1340 1507 1343 1514 '

149 1588 310 1684 sanatur
331 1592 375 1655 ad
393 1594 606 1677 percontarl’.
651 1595 843 1680 Agnoscam
869 1596 957 1659 hunc
985 1595 1019 1658 in
1042 1597 1254 1683 ambiguitate
1327 1654 1329 1658 Α

156 1698 275 1783 lusum,
298 1701 335 1784 si,
358 1724 400 1765 ne
418 1701 530 1789 inepta
551 1701 667 1766 evadat
685 1701 881 1786 ambiguitas
900 1703 970 1786 ista,
999 1707 1101 1770 verba
1124 1711 1165 1770 ‘te
1180 1711 1255 1772 eolo

154 1811 356 1893 percontari'
380 1809 477 1874 etiam
500 1810 694 1898 simpliciter
716 1812 892 1876 coniuncta
923 1813 1011 1876 omni
1043 1826 1176 1879 careant
1208 1817 1254 1880 of-

158 1916 320 1982 fensione.
354 1917 451 1998 Quod
476 1929 586 1983 tamen
608 1940 708 2004 aegre
721 1919 916 2006 persuaderi
930 1921 1009 1984 mihi
1024 1923 1139 2010 patiar.
1173 1922 1255 2004 Quis

157 2026 244 2092 enim
268 2049 334 2091 non
353 2026 500 2110 miratur,
521 2037 696 2115 postquam
717 2030 806 2094 servi
830 2029 894 2092 iam
918 2030 1154 2118 aliquantisper
1169 2032 1256 2097 inter

157 2158 191 2201 se
216 2136 373 2200 collocuti
399 2137 473 2219 sint,
507 2160 619 2203 eorum
642 2138 783 2202 alterum
808 2139 900 2203 nulla
927 2162 1064 2226 prorsus
1089 2165 1185 2205 causa
1207 2141 1254 2205 in·

155 2245 347 2310 teroedente
368 2256 535 2332 tamquam
557 2269 599 2311 ex
619 2249 757 2335 abrupto
782 2248 877 2312 alteri
896 2248 1081 2335 declarare,
1103 2273 1138 2314 sc
1158 2274 1256 2336 qnae·

155 2353 228 2418 dam
251 2375 294 2418 ex
318 2377 357 2418 eo
386 2356 575 2442 percontari
600 2356 714 2421 velle?
758 2354 859 2436 Quasi
887 2381 967 2422 vero
1000 2381 1067 2422 non
1097 2358 1161 2421 iam
1190 2369 1256 2422 tam

154 2463 257 2527 multa
281 2475 367 2528 esset
389 2487 430 2528 ex
457 2487 496 2528 eo
516 2475 739 2550 percontatus.
786 2463 901 2545 Qualis
924 2467 1102 2530 declaratio
1124 2467 1252 2556 inipso

133 2585 136 2592 “
155 2571 249 2635 initio
272 2572 418 2658 colloqui
441 2571 529 2637 haud
550 2572 651 2637 fuerit
670 2573 746 2638 satis
771 2573 890 2659 lepida,
914 2583 946 2636 at
975 2597 1055 2639 vero
1073 2576 1126 2641 hic
1147 2577 1254 2641 medio

156 2681 190 2744 in
208 2682 379 2770 colloquio
404 2683 474 2746 sine
499 2681 583 2746 iusta
607 2706 704 2748 causa
727 2682 832 2769 posita
854 2683 954 2770 plane
979 2683 1110 2748 videtur
1138 2686 1255 2751 intole-

155 2789 280 2854 rabilis.
332 2789 375 2854 Et
405 2798 442 2853 ut
471 2789 600 2876 aliquis,
632 2791 725 2855 cuius
759 2792 961 2856 stomachum
990 2815 1057 2856 non
1083 2792 1258 2879 invideam,

156 2897 242 2962 hanc
265 2898 449 2976 mplestiam
476 2898 580 2987 possit
611 2923 829 2986 concoquere,
858 2902 914 2987 qni
941 2903 1063 2968 factum
1095 2904 1193 2987 dicet,
1222 2916 1258 2969 nt

157 3009 268 3073 verbis
295 3014 437 3094 ‘operam
463 3009 516 3087 da,
539 3033 639 3093 opere
662 3011 822 3074 reddetur
838 3011 908 3075 tihi’
930 3021 1021 3087 tanto
1035 3035 1136 3100 opere
1149 3024 1259 3078 oraret

157 3117 326 3207 Epidicus,
351 3118 438 3203 quod
462 3118 492 3182 ei
516 3120 556 3182 ab
580 3119 683 3184 altero
707 3119 830 3183 dudum
854 3120 924 3184 sine
948 3109 1049 3209 prece
1066 3145 1258 3194 concessum

160 3237 209 3292 est
233 3227 388 3313 quodque
412 3228 441 3292 ei
465 3228 529 3293 iam
549 3229 696 3294 recusari
721 3230 813 3293 nulla
834 3253 875 3295 ex
897 3253 933 3294 re
950 3242 1093 3319 apparet.
1127 3231 1195 3298 Sed
1215 3253 1258 3295 ne

157 3335 277 3420 longus
301 3337 361 3401 sim
384 3337 419 3401 in
442 3338 601 3403 librorum
614 3338 777 3427 scriptura
792 3340 1010 3426 reprobanda,
1032 3340 1163 3404 videtur
1178 3341 1258 3404 mihi

158 3445 321 3533 Thesprio
346 3447 498 3512 conservi
522 3448 571 3511 sui
598 3448 725 3512 facetiis
749 3449 898 3536 paullum
920 3448 1064 3513 irascens
1088 3473 1162 3514 cum
1185 3473 1257 3514 ver·

157 3554 223 3619 bis:
256 3553 317 3618 ‘Di
339 3569 368 3618 te
389 3558 574 3641 perdentl',
610 3566 647 3619 nt
668 3558 796 3643 saepius
819 3558 865 3639 fit,
888 3581 924 3623 se
945 3559 986 3623 ab
1014 3559 1070 3622 illo
1099 3569 1135 3622 ut
1164 3561 1259 3624 abeat

157 3673 320 3746 avertere,
350 3674 386 3727 nt
408 3664 484 3729 hinc
510 3688 605 3730 causa
628 3676 792 3748 nascatur,
821 3667 861 3729 ad
885 3690 981 3752 quarn
1003 3667 1135 3754 Epidici
1159 3671 1259 3733 verba

159 3793 241 3856 quae
266 3784 446 3858 sequuntur
470 3776 647 3839 referenda
672 3776 745 3840 sint.
790 3775 826 3843 Si
854 3798 935 3840 vero
964 3777 1017 3840 hic
1047 3777 1140 3840 illum
1171 3776 1258 3864 apud

158 3903 192 3946 se
213 3883 358 3948 retinere
381 3884 462 3965 vult,
487 3884 712 3950 desideramus
732 3885 942 3967 locutionem,
964 3907 1028 3970 qna
1045 3885 1185 3950 alterum
1203 3884 1258 3970 qui

157 3990 304 4055 retinent
328 3993 530 4080 compellare
553 3993 670 4058 solent.
715 3993 815 4060 Unde
839 3994 1011 4082 profectus
1035 3994 1140 4081 posui,
1171 3994 1258 4079 quod

157 4098 192 4162 in
207 4109 300 4164 textu
314 4101 417 4166 vides.
448 4102 625 4168 Servamns
640 4102 687 4167 sic
704 4102 957 4188 ambiguitatem
969 4102 1128 4166 sermonis
1141 4102 1258 4166 Plauto

159 4231 238 4274 sane
264 4208 397 4294 dignam
425 4233 621 4297 coneanue
645 4213 783 4276 duorum
814 4236 968 4278 versuum
991 4212 1035 4276 ita
1058 4214 1164 4277 soluto
1188 4237 1260 4278 ver·-
