2820 4830
681 267 721 334 17

157 473 267 518 secum
287 460 344 516 ant
370 452 412 516 ad
438 458 639 538 spectatores
662 451 818 539 loquente
839 450 1099 538 interrumpitur,
1120 451 1170 517 iis
1183 473 1257 518 con-

154 560 298 625 tinuaret
322 558 459 642 omissis,
482 581 565 644 quae
586 558 713 624 interea
734 582 753 623 a
775 559 1039 646 colloquentibus
1071 559 1136 624 dici
1165 571 1256 647 pote-

155 678 238 734 rant.
280 667 321 732 In
340 689 451 732 rerum
473 675 620 732 naturam
644 688 721 732 sane
744 689 811 732 non
824 667 1160 733 convenithcminum
1178 668 1256 734 duo·

156 800 229 843 rum
256 775 455 860 colloquium
478 776 564 841 tertii
586 775 724 842 alicuius
749 776 895 842 oratione
917 777 997 860 sisti,
1025 801 1107 867 quae
1131 780 1171 844 ab
1190 778 1256 845 illis

155 886 253 972 plane
278 907 344 953 non
373 884 539 959 audiatur,·
574 885 633 950 sed
664 908 736 950 curn
770 908 836 950 non
866 897 1002 973 possent
1029 897 1148 975 poetae
1177 889 1257 953 duas

155 1004 264 1083 partes
286 994 383 1060 simul
405 980 579 1080 loquentes
602 994 723 1078 facere,
750 995 841 1059 illam
871 995 979 1082 potius
1002 1008 1133 1085 praeter
1162 1008 1255 1063 natu·

156 1127 227 1169 ram
248 1103 518 1169 consuetudinem
540 1104 685 1192 amplexi
715 1114 801 1187 sunt,
834 1127 929 1189 quam
950 1114 986 1170 ut
1008 1107 1189 1171 orationum
1212 1108 1253 1173 si-

157 1213 225 1279 mul
247 1213 428 1278 habitarum
462 1222 625 1300 tamqnam
655 1214 839 1298 fragmenta
864 1213 989 1279 darent.
1035 1215 1102 1284 Sed
1126 1216 1254 1301 melius,

156 1344 238 1408 qucc
261 1321 345 1404 dico,
368 1321 552 1406 intelleges,
574 1321 600 1385 si
623 1343 755 1387 scenam
772 1322 921 1387 similiter
937 1334 1155 1411 comparatam
1178 1348 1254 1390 con-

155 1430 282 1513 tuleris,
311 1431 402 1494 velut
425 1428 499 1496 Cas.
521 1439 584 1494 act.
605 1429 650 1513 H,
676 1453 721 1495 sc.
743 1430 773 1495 8.
818 1429 883 1497 Ubi
910 1432 1036 1500 Stalino
1059 1456 1133 1497 cum
1154 1434 1253 1498 vilico

156 1540 344 1624 colloquens
382 1562 400 1601 a
426 1537 576 1620 Chalino,
608 1539 663 1625 qui
692 1540 732 1603 ab
767 1538 806 1602 iis
828 1562 894 1604 non
916 1541 1004 1605 visus
1032 1540 1072 1605 ad
1095 1541 1254 1628 parietem

156 1669 268 1714 eorum
296 1645 436 1712 sermoni
468 1667 598 1734 operam
630 1647 694 1731 dat,
730 1647 903 1733 aliquoties
933 1649 1161 1737 interpellatur
1193 1672 1255 1715 nec

154 1778 221 1825 uno
245 1766 368 1822 tantum
378 1778 476 1821 versu
498 1755 542 1840 (v.
566 1757 608 1821 24
619 1760 692 1843 sq),
716 1780 874 1842 nusquam
896 1767 1004 1824 tamen
1026 1779 1095 1822 eam
1117 1758 1159 1822 ob
1183 1781 1255 1823 cau·

155 1887 224 1930 sam
260 1863 329 1928 ulla
367 1862 468 1950 ipsius
501 1863 645 1949 colloqui
678 1864 835 1951 particula
869 1863 1082 1931 desideratur.
1135 1866 1254 1954 Neque

156 1973 262 2056 aliam,
293 1981 330 2037 ut
362 1988 403 2036 c'x
436 1971 587 2060 plurimis
618 1996 720 2060 pauca
754 1973 904 2060 exempla
934 1975 1062 2058 addam,
1093 1976 1252 2041 rationem

155 2081 334 2148 institutam
352 2081 500 2146 invenies
516 2079 620 2146 Stich.
636 2081 663 2159 I,
682 2082 712 2146 2.
736 2081 855 2146 Pseud.
869 2082 931 2163 III,
952 2083 969 2146 7
985 2092 1017 2147 et
1032 2083 1060 2167 I,
1081 2083 1111 2149 5·
1146 2084 1254 2169 Igitur

158 2190 309 2278 quoniam
334 2188 627 2255 constantissimam
640 2189 906 2255 consuetudinem
929 2192 1161 2279 atqueoptimo
1184 2194 1254 2257 iure

155 2298 308 2364 adscitam
321 2299 384 2363 hoc
395 2321 460 2363 uno
472 2298 545 2363 loco
559 2297 743 2362 deseruisse
755 2307 883 2384 poetam
905 2321 970 2364 non
992 2300 1053 2364 crit
1074 2301 1254 2387 probabile,

158 2407 348 2496 praesertim
364 2430 436 2472 cum
451 2406 631 2496 Apoecidis
650 2407 758 2473 verbis
775 2405 952 2472 ‘Continuo
975 2422 1009 2473 rat
1030 2413 1167 2474 maritus
1181 2412 1253 2495 fiat’

156 2538 197 2582 ne
210 2517 345 2605 plenum
360 2515 491 2604 quidem
504 2517 709 2581 contineatur
723 2516 939 2601 enuntiatum,
958 2541 1022 2582 non
1038 2518 1161 2603 dubito,
1175 2520 1252 2604 quin

154 2635 230 2691 ente
243 2648 275 2690 v.
287 2623 306 2688 6
317 2625 427 2689 futuro
439 2624 566 2688 fabulae
579 2624 697 2688 editori
708 2624 844 2688 lacunae
858 2624 989 2711 signum
1001 2627 1189 2712 ponendum
1200 2628 1253 2693 sit.

237 2734 304 2817 III,
327 2734 357 2814 2,
384 2733 432 2796 17.
467 2731 536 2798 Iam
558 2733 790 2797 revertendum
814 2732 925 2797 estad
948 2733 1036 2798 illam
1056 2733 1184 2821 Epidioi
1209 2726 1251 2800 de

153 2845 252 2908 rebus
266 2867 285 2908 a
301 2863 336 2908 se
350 2841 546 2930 perpetratis
565 2841 754 2924 orationem,
778 2864 860 2929 quae
883 2841 947 2907 iam
968 2843 1123 2929 inprime
1146 2846 1251 2933 capite

154 2961 241 3032 tanta
263 2951 354 3017 nobis
369 2951 493 3016 creavit
509 2949 652 3035 negotia.
685 2951 770 3018 Sunt
793 2973 835 3017 ex
858 2973 896 3016 oa
919 2950 953 3015 hi
976 2972 1090 3017 versus
1108 2954 1193 3017 servi
1209 2955 1251 3018 ob

154 3061 299 3126 facinora
320 3060 440 3146 gaudio
465 3059 658 3125 exultantis:

237 3169 321 3237 Nam
342 3169 418 3234 leno
441 3190 537 3234 omne
560 3179 731 3255 argentum
754 3168 887 3232 obstulit
914 3192 974 3256 pro
1003 3168 1155 3235 fidicina:
1189 3193 1252 3257 ego

1087 3278 1210 3342 rcsdlvi

237 3388 388 3455 Manibus
410 3386 460 3451 his
480 3386 692 3469 dinumeravi,
714 3394 807 3471 patcr
829 3408 919 3450 suam
939 3395 1045 3450 natam
1068 3408 1163 3470 quam
1181 3408 1252 3451 esse

562 3480 565 3485 ’
913 3495 1051 3560 eredidit
1073 3499 1127 3578 (sio
1145 3501 1210 3577 vn)

235 3606 332 3672 Nunc
355 3607 472 3669 iterum
494 3612 531 3668 ut
552 3603 684 3668 fallatrir
707 3611 800 3690 pater
822 3601 944 3689 tibique
969 3603 1126 3668 adxilium
1155 3627 1250 3692 appa·

948 3712 1038 3777 retur
1052 3719 1067 3786 ll
1081 3714 1208 3779 Inveni.

154 3821 301 3902 Quorum
322 3843 475 3886 versuum
506 3819 651 3883 modium
680 3828 716 3882 ut
745 3818 868 3881 librarii
895 3818 1031 3885 alicuius
1060 3820 1250 3907 interpreta-

155 3941 298 3996 mentum
322 3931 392 3995 iure
415 3954 433 3993 a
459 3928 636 3994 Ritschelio
659 3926 762 3991 dolori
785 3927 869 4012 prol.
894 3927 927 3991 in
944 3927 1049 3992 Plaut.
1062 3952 1093 4015 p.
1107 3931 1165 3994 156
1187 3930 1251 3994 iam

153 4048 441 4105 commemoratum
466 4047 525 4102 est.
570 4035 710 4100 Videtur
740 4045 849 4099 temen
875 4035 909 4099 in
932 4035 994 4099 lroc
1019 4058 1083 4101 non
1108 4038 1250 4121 aequies-

153 4148 292 4214 cendum
315 4168 398 4211 esse.
440 4145 582 4214 Servum
605 4144 701 4225 enim,
728 4143 820 4208 cuius
840 4154 956 4230 pectus
979 4145 1122 4210 laetitiae
1143 4157 1176 4210 ct
1197 4170 1249 4211 su·

1021 4257 1038 4307 2
