2820 4830
736 265 777 332 w
846 241 848 245 ,

208 450 343 541 perbiae'
365 451 447 516 adeo
470 449 605 537 plenum
618 443 678 532 sit,
708 459 744 513 ut
771 449 854 513 nihil
877 449 940 514 iam
970 459 1117 516 moretur
1141 458 1253 516 vetera
1276 459 1310 515 et

211 558 346 646 vulgata
366 560 469 624 verba
495 557 540 643 (v.
554 558 618 640 14),
646 580 712 622 non
741 568 996 625 consentancum
1028 571 1076 626 est
1107 582 1149 625 ex
1182 560 1308 625 duobus

207 673 273 737 suis
301 669 498 736 facinoribus
531 668 670 732 alterum
693 678 769 733 -tsm
799 671 862 734 cito
879 650 976 756 *pede
1004 670 1178 750 transilire,
1211 692 1308 755 quem

208 805 296 847 nune
316 782 354 846 fit
377 803 419 847 ex
438 781 597 846 librorum
621 781 788 863 memoria,
821 789 858 845 ut
886 781 962 844 hinc
991 803 1055 846 non
1080 779 1164 843 levis
1187 779 1309 844 oriatur

208 891 355 978 suspitio,
376 911 419 956 ne
441 890 550 955 verbis
573 891 613 955 ab
632 890 866 975 interpolatore
881 889 1019 955 invectis
1035 889 1171 974 genuini
1185 888 1309 972 aliquot

209 999 366 1065 versiculi
389 999 627 1065 interciderint.
671 999 782 1084 Atque
804 1010 944 1084 augetur
966 1010 998 1063 et
1026 1000 1236 1064 confirmetur
1270 1018 1309 1062 eo

210 1109 356 1198 suspitio,
381 1109 479 1194 quod,
501 1109 625 1196 siquid
647 1109 738 1197 sapio
761 1108 794 1173 in
817 1119 888 1174 arte
910 1092 1085 1191 rhetorica,
1106 1109 1206 1172 verbe
1226 1130 1309 1192 quac

209 1230 299 1284 sunt:
321 1216 430 1283 ‘Nune
445 1222 563 1282 iterum
576 1231 612 1282 et
628 1217 778 1304 falletur
795 1220 903 1303 peter‘
929 1218 992 1282 tale
1017 1217 1094 1304 quid
1114 1226 1189 1282 ante
1208 1236 1244 1282 sc
1259 1239 1309 1282 re·

210 1328 350 1413 quirunt,
372 1328 467 1413 quale
490 1329 546 1392 sit:

285 1436 359 1502 -Hie
371 1439 439 1502 erat
452 1437 487 1500 in
499 1436 584 1501 senis
595 1436 818 1524 marsuppium
832 1457 927 1522 quern
940 1435 1065 1501 intendi
1077 1435 1201 1522 primus
1216 1437 1309 1499 lctus.

169 1620 172 1625 ¹
211 1547 312 1631 Quali
332 1568 430 1611 versu
454 1545 669 1610 antecedente
685 1556 886 1634 quantopere
906 1555 1064 1631 augeatur
1085 1544 1216 1610 illorum
1239 1566 1310 1609 ver·

189 1656 325 1720 .borum
348 1655 397 1720 vis
420 1665 453 1720 et
473 1654 627 1737 gravitas,
647 1654 704 1719 vix
726 1676 920 1741 quemquam
943 1654 1044 1718 fallet.

214 1791 217 1797 ·
294 1764 356 1847 Ill,
367 1764 398 1847 4,
409 1765 460 1829 80.
489 1762 703 1849 Periphanes,
726 1762 781 1846 qui
803 1762 844 1826 de
864 1761 979 1826 fraude
1001 1762 1087 1825 servi
1109 1760 1144 1824 in
1167 1781 1201 1824 sc
1223 1782 1309 1825 com·

211 1873 310 1938 missa
330 1872 428 1938 modo
454 1873 574 1938 certior
603 1873 706 1937 factus
737 1881 797 1955 est,
830 1873 918 1936 solus
946 1871 980 1934 in
1010 1894 1108 1936 scena
1136 1890 1310 1935 remanens

211 1983 296 2047 hanc
318 1981 428 2046 fundit
449 1981 647 2046 orationem:

295 2091 382 2173 Quid
407 2089 516 2155 minc?
539 2090 594 2176 qui
616 2091 765 2155 intentis
791 2090 917 2178 pdsitus
941 2113 1010 2155 sum
1035 2090 1214 2173 sententiis,

293 2200 423 2266 Erimne
444 2221 507 2286 ego
531 2201 635 2265 sinam
655 2201 815 2288 impdne‘?
837 2201 935 2265 immo
959 2200 1084 2266 etiamsi
1106 2201 1245 2263 alterum
1259 2197 1287 2282 2)

216 2356 218 2363 ·
293 2308 435 2374 Tantrim
457 2307 715 2393 perdundum'st,
736 2308 871 2395 perdam
894 2306 1001 2394 potius
1025 2311 1120 2395 qudm
1146 2307 1249 2370 sinam

294 2418 348 2482 Me
371 2417 505 2503 impunc
526 2416 657 2482 irrisum
680 2439 751 2483 esse
774 2417 930 2498 hobitum,
955 2418 1185 2505 depeculatum
1209 2417 1266 2481 eis.

212 2525 251 2591 In
263 2526 387 2590 Vetere
409 2547 469 2614 pro
489 2527 620 2590 ‘censes'
642 2549 673 2590 v.
685 2528 726 2591 81
742 2526 871 2590 ‘eamne’
893 2535 1011 2611 exstat,
1034 2549 1172 2610 quorum
1186 2536 1309 2591 utrum·

212 2656 342 2731 cunque
363 2635 599 2722 amplectimur,
630 2658 694 2721 quo
722 2634 756 2701 in
778 2636 954 2700 verborum
978 2646 1139 2701 structura
1161 2635 1203 2699 sit
1224 2636 1278 2699 ref
1297 2671 1308 2681 ·

211 2744 351 2809 rendum
373 2767 439 2810 non
463 2745 657 2811 invenimus.

257 2923 260 2927 ,
293 2853 411 2940 Neque
443 2875 533 2937 vero,
565 2855 653 2941 qued
681 2878 747 2920 non
777 2855 883 2920 minus
914 2855 1061 2934 offendit,
1094 2856 1194 2920 verba
1216 2877 1246 2919 v.
1268 2854 1311 2918 80

214 2982 288 3024 cum
321 2982 430 3045 versu,
463 2962 517 3046 qui
555 2964 710 3049 sequitur,
746 2965 831 3028 bene
863 2962 897 3030 in
927 2987 1027 3028 unum
1057 2973 1175 3028 coeunt
1207 2985 1308 3026 enun-

211 3067 344 3151 tiatum,
368 3091 444 3132 nam
467 3071 766 3162 post'enuntiatum
790 3070 964 3136 relativum
995 3073 1065 3159 ‘qua'
1076 3075 1206 3156 posttea
1230 3074 1307 3134 sens’

210 3199 276 3242 non
298 3187 527 3265 exspectamus
549 3181 671 3243 ‘conane
687 3181 758 3267 epo’
778 3180 836 3246 sed
861 3184 954 3268 ‘cyon
969 3183 1059 3245 eem'.
1103 3182 1200 3268 Quid,
1224 3182 1309 3265 quod

210 3286 279 3350 ‘eis’
301 3309 481 3374 pronomen
503 3312 535 3354 v.
553 3288 595 3352 83
615 3312 679 3353 non
703 3289 807 3374 magis
831 3313 925 3374 quom
949 3290 1031 3355 illud
1052 3291 1185 3356 ‘eumne’
1214 3292 1310 3357 intel-

211 3395 345 3482 legitur,
369 3382 521 3480 quoniam
539 3397 705 3483 hucusque
728 3421 831 3464 senex
854 3424 872 3462 a
894 3422 989 3464 serve
1013 3422 1047 3464 se
1068 3423 1140 3464 cum
1156 3401 1226 3465 erili
1242 3398 1310 3465 filio

214 3504 255 3568 de
290 3515 459 3590 compecto
497 3516 616 3590 agente
648 3509 766 3573 falsum
798 3508 994 3596 irrisumque
1020 3532 1055 3574 se
1085 3510 1240 3598 suspicari
1269 3533 1311 3575 ne

210 3613 313 3676 verbo
343 3611 474 3696 quidem
498 3614 704 3698 significavit.
748 3617 838 3680 Haec
869 3616 909 3681 cd
943 3618 1091 3683 lacunam
1122 3629 1197 3705 post
1225 3642 1254 3685 v.
1270 3618 1312 3683 80

213 3721 428 3786 evincendam
451 3724 632 3807 sufficiant,
669 3727 727 3790 sed
759 3728 822 3792 alia
848 3730 1004 3815 quaedam
1035 3752 1230 3817 quemquam
1261 3751 1311 3793 se·

188 3830 366 3895 ·cundaric
389 3841 473 3915 sunt,
501 3857 575 3898 cum
597 3834 631 3898 in
653 3836 789 3900 eandem
813 3839 943 3901 valeant
964 3847 1100 3926 partem,
1131 3861 1196 3903 non
1217 3837 1310 3902 omit

215 3967 414 3976 ξω*

285 4049 312 4117 2)
330 4048 488 4104 Verisimile
512 4054 557 4105 est
580 4055 692 4121 poetam
718 4054 758 4108 sic
786 4054 881 4124 potius
906 4055 993 4110 verba
1014 4055 1172 4110 ordinasse:
1201 4059 1310 4112 Eumne

211 4166 303 4200 senem
324 4167 373 4216 eye
390 4177 438 4201 -.«
