2820 4830
741 260 781 327 14

294 445 444 528 Qutmnc
486 445 582 510 hodie
622 467 682 533 per
725 447 838 510 urbem
871 455 1008 532 uterque
1041 449 1152 512 saimus
1186 446 1307 510 defessi

1108 559 1266 638 quterere

212 663 307 747 virgo
330 685 426 728 causa
449 662 550 728 fuisse
581 684 693 727 senum
727 686 785 749 por
814 664 930 727 urbem
965 661 1090 726 itineris
1120 684 1158 726 ac
1189 661 1308 726 laboris

212 771 341 837 dicitur.
364 770 456 836 Talia
476 771 564 836 enim
581 770 636 856 qui
655 793 696 836 ex
714 769 986 835 contaminatione
1001 769 1160 856 explicari
1177 778 1305 856 queant,

213 902 277 944 non
290 878 396 944 video.
435 879 546 966 Atque
561 890 675 965 praeut
700 878 749 942 vir
764 877 968 942 doctissimus
980 877 1077 942 huius
1090 878 1218 941 fabulae
1235 899 1307 964 par-

212 999 259 1054 tes
282 989 367 1052 inter
391 988 455 1051 duo
479 985 603 1053 Graeca
627 985 827 1074 exemplaria
850 985 1038 1072 dispertitus
1062 996 1121 1069 est,
1144 996 1234 1050 actus
1257 985 1306 1049 IV

212 1109 245 1162 et
263 1098 293 1159 V
318 1096 462 1162 ciusdem
486 1105 561 1160 sunt
583 1096 790 1182 exemplaris,
810 1105 846 1159 ut
865 1096 905 1159 ad
923 1119 1084 1160 summum
1116 1094 1306 1160 offensionis

209 1213 425 1271 commutetur
446 1203 537 1269 locus
559 1203 629 1289 ipsa
642 1202 824 1269 offensione
836 1228 900 1269 non
913 1205 1050 1269 sublata.
1081 1203 1149 1270 Sed
1162 1225 1231 1268 rem
1241 1204 1308 1288 agi-

211 1339 280 1379 mus
305 1313 402 1379 Bothi
424 1313 600 1399 sagacitate
625 1313 679 1376 diu
711 1313 772 1377 iam
794 1314 984 1378 absolutam.
1012 1313 1044 1377 Is
1068 1313 1153 1378 enim
1178 1311 1307 1401 Acidali

209 1423 469 1488 emendationem
500 1423 652 1510 ‘quemne’
683 1446 742 1509 pro
766 1424 919 1510 ‘pateruae’
944 1422 1141 1487 restituentis
1166 1421 1305 1507 amploc-

209 1543 282 1596 tens
300 1554 332 1596 v.
351 1530 392 1594 54
418 1540 450 1594 ct
465 1531 505 1593 iri)
526 1539 600 1594 ante
623 1552 651 1591 v.
676 1531 718 1595 to
747 1530 1004 1618 transponendos
1027 1552 1097 1594 esso
1127 1529 1308 1618 perspexit,

209 1665 271 1727 qua
293 1640 521 1705 emendatione
544 1640 648 1704 iocum
672 1639 742 1704 sine
763 1638 861 1703 dubio
889 1639 1082 1725 personavit.

295 1750 362 1813 Iam
388 1770 470 1834 quac
492 1748 561 1812 sola
584 1757 733 1834 superest
754 1746 925 1830 Ladewigi
949 1746 1085 1812 offensio
1114 1768 1154 1811 cx
1179 1756 1238 1810 act.
1262 1745 1306 1828 II,

212 1881 256 1922 sc.
271 1858 305 1922 II
327 1857 418 1921 initio
441 1866 520 1939 orta,
544 1879 581 1920 ca
603 1856 754 1943 proximo
777 1855 809 1917 in
834 1855 939 1941 capite
959 1855 1113 1938 diluetur,
1142 1877 1206 1939 quo
1239 1854 1307 1940 qui-

210 1966 285 2031 dcm
309 1966 414 2049 capito
439 1966 579 2047 lacunas,
601 1964 717 2048 quibus
739 1961 847 2028 fabula
870 1962 965 2027 hodic
988 1963 1134 2027 mutilata
1146 1973 1178 2027 et
1191 1963 1306 2050 depra-

209 2087 281 2142 vata
310 2085 369 2159 est,
392 2073 679 2161 comprehendam.
712 2073 787 2138 Non
812 2082 918 2137 autem
942 2093 1068 2156 vereor,
1088 2095 1128 2136 ne
1148 2073 1218 2156 quis
1234 2094 1305 2136 cor-

208 2183 453 2273 1·arpt01um,'de
477 2182 593 2267 quibus
613 2181 734 2246 dictum
759 2191 818 2265 cst,
850 2182 996 2246 locorum
1028 2181 1235 2245 multitudino
1269 2203 1304 2245 se

209 2293 242 2356 in
266 2292 460 2357 sententiam
483 2313 574 2356 meae
598 2291 791 2355 contrariam
814 2290 919 2377 abripi
942 2291 1092 2378 patiatur.
1143 2292 1306 2377 Reputan-

210 2401 287 2466 dum
312 2401 399 2466 onim
421 2410 471 2464 est
491 2400 576 2465 iuter
597 2400 705 2465 omnia
727 2400 852 2465 solutae
876 2411 907 2464 et
929 2401 1056 2464 vinctae
1078 2400 1233 2466 orationis
1248 2421 1305 2486 ge-

208 2533 286 2574 nera
307 2509 492 2600 comoedias
516 2511 615 2593 longo
637 2510 779 2574 maxime
803 2510 1026 2595 depravationi
1050 2533 1121 2600 esse
1134 2509 1305 2598 obnoxias,

208 2619 425 2706 reputandum
448 2618 510 2682 hoc
534 2616 681 2704 inprimis
710 2619 821 2684 valere
851 2619 892 2684 dc
928 2621 981 2684 his
1004 2621 1224 2686 Romanorum
1262 2621 1306 2682 f-

209 2726 306 2810 bulis,
333 2748 414 2813 quac
437 2728 477 2791 ab
500 2725 569 2813 ipsa
591 2726 720 2811 origine
744 2727 866 2792 fuerint
889 2727 1017 2793 fabulae
1040 2750 1113 2792 cum
1150 2729 1303 2792 libertate

209 2857 322 2900 versae
346 2845 378 2899 ct
399 2835 597 2900 immutatae.
632 2835 705 2917 Quo
728 2859 801 2900 cum
823 2837 957 2900 accedat
981 2836 1022 2900 dc
1045 2858 1107 2919 qua
1133 2836 1241 2922 agitur
1260 2837 1306 2900 fa-

208 2945 305 3009 bulae
328 2954 377 3008 sat
398 2955 530 3008 tenuem
553 2966 624 3009 esse
650 2947 850 3028 memoriam,
874 2955 985 3009 contra
996 2966 1066 3007 eam
1086 2945 1247 3030 quandam
1259 2945 1304 3008 iu·

209 3053 272 3118 dici
297 3053 482 3118 libertatem
504 3076 599 3119 nemo
621 3078 686 3118 non
705 3053 853 3119 admittet
877 3062 909 3115 et
932 3050 1164 3137 comprobabit.
