2820 4830
684 1319 717 1388 I.

202 1519 263 1600 Da
294 1525 526 1623 argumento
559 1516 711 1600 fabulae
742 1515 915 1623 locisque
946 1513 1092 1622 aliquot
1125 1513 1217 1597 inde

583 1660 813 1746 iudicandis.

238 2005 372 2070 Initium
395 2005 481 2068 facio
501 2006 540 2069 ab
563 2014 757 2090 argumento
779 2003 920 2085 fabulae,
943 2004 976 2067 in
1000 2027 1094 2090 quam
1118 2004 1254 2093 inquisi-

155 2127 350 2195 naussum,
373 2114 552 2177 accuratius
576 2113 771 2196 enarrando,
794 2135 836 2176 ne
858 2112 1004 2177 inutilem
1024 2113 1122 2198 plano
1144 2125 1177 2179 ct
1200 2139 1251 2182 su-

157 2245 393 2308 peruacanea-m
431 2244 562 2310 operam
584 2222 785 2308 ,suscepisse
819 2222 960 2306 viderer,
997 2221 1084 2286 haud
1118 2226 1275 2290 veritus.⁴

155 2332 305 2416 Namque
331 2332 419 2396 facili
444 2331 577 2415 negotio
603 2331 715 2396 licebit
740 2331 891 2396 evincere
915 2332 1101 2416 complures
1122 2333 1251 2398 fabulae

156 2441 257 2521 locos,
282 2440 459 2523 dequibus
482 2438 637 2503 iudicium
659 2459 702 2502 ex
722 2439 819 2503 totius
842 2449 1036 2524 argumento
1059 2462 1251 2526 suspensum

156 2559 215 2632 est,
239 2573 257 2612 a
280 2550 358 2614 viris
381 2550 497 2629 doctis,
521 2549 606 2632 quod
627 2547 756 2612 fabulae
779 2570 936 2610 summam
959 2548 1065 2613 minus
1087 2561 1254 2636 curarent,

155 2668 209 2720 aut
232 2658 361 2722 omnino
383 2657 521 2720 intactos
544 2656 675 2720 relictos
698 2677 769 2719 csse
791 2665 846 2718 aut
866 2678 931 2719 non
954 2676 1026 2720 csse
1049 2667 1137 2722 recte
1156 2659 1252 2723 aesti-

156 2777 276 2847 matos3
300 2776 367 2830 tum
393 2786 470 2829 vero
493 2765 555 2828 hoc
581 2764 719 2828 alterum
743 2773 893 2828 nascetur
913 2765 1131 2849 commodum,
1156 2766 1254 2853 quod,

155 2874 342 2961 quicunque
370 2873 499 2960 Epidici
530 2873 591 2936 loci
624 2872 658 2936 in
682 2872 925 2936 cantent-ionem
948 2873 1091 2958 venient,
1123 2896 1186 2958 quo
1210 2897 1253 2940 ex

155 2984 389 3047 sententiarum
411 3005 498 3048 nexu
524 2981 709 3067 deprompti
732 2980 806 3066 sint,
834 2981 927 3046 ctiam
951 3004 1016 3046 non
1047 2983 1160 3048 moniti
1186 3006 1252 3049 mc·

155 3093 354 3155 minerimus.
399 3091 582 3154 Audiamus
613 3110 693 3173 crgo
722 3088 863 3174 primum
893 3089 1049 3153 fabellam
1072 3092 1253 3157 secundum

154 3222 325 3263 scenarum
348 3198 497 3263 ordinem
518 3197 723 3284 explicatam.

238 3309 347 3372 Prima
363 3307 464 3392 igitur
479 3307 513 3372 in
530 3330 627 3372 scena
644 3302 882 3392 Thesprionem
900 3329 1041 3392 servum,
1064 3309 1120 3393 qui
1138 3309 1252 3373 erilem

154 3419 257 3481 filium
287 3417 321 3480 in
352 3416 474 3481 bellum
503 3416 636 3502 aliquod
660 3416 854 3481 Thebanum
875 3417 1018 3501 armiger
1040 3427 1170 3483 secutus
1194 3428 1253 3500 est,

153 3527 229 3590 inde
241 3517 542 3613 reducemEpidioo
557 3529 782 3589 conservesno
796 3535 981 3588 narrantem
993 3524 1250 3606 audimus,Stra-

154 3635 330 3722 tippoclem
347 3657 437 3699 erum
449 3635 571 3700 Thebis
585 3644 721 3718 argento
733 3634 865 3699 faenore
876 3644 1005 3720 sumpto
1018 3635 1154 3699 amicam
1168 3657 1250 3700 mer-

154 3755 264 3809 catum
279 3766 350 3808 csse
366 3743 601 3828 danistamque,
625 3744 676 3807 cui
690 3743 834 3827 deberet,
846 3764 954 3808 secum
967 3743 1153 3808 adduxisse.
1177 3744 1251 3826 Quo

156 3854 269 3918 nuntio
281 3853 413 3917 minime
427 3863 613 3940 exspectato
623 3852 751 3939 Epidici
764 3853 890 3916 unimus
899 3853 1112 3916 vehementer
1120 3863 1252 3939 pertur-

153 3963 264 4044 batur;
290 3961 317 4025 is
330 3963 415 4027 enim
429 3963 530 4050 ipsius
545 3962 631 4026 erilis
649 3961 696 4025 fili
713 3971 829 4047 rogatu
856 3962 1000 4046 priorem
1025 3961 1094 4025 eius
1115 3962 1252 4026 amicam

159 4071 397 4135 AthenIcnsem
421 4070 553 4135 domum
576 4070 758 4135 adduxerat
779 4080 915 4154 argento
943 4080 1094 4157 emptam,
1126 4071 1252 4154 quoda

154 4201 245 4262 acne,
265 4180 316 4244 eui
328 4180 428 4244 filiam
442 4179 596 4265 spuriam,
617 4179 776 4267 Epidauri
789 4188 902 4261 satam,
927 4203 946 4244 a
959 4201 994 4244 ac
1005 4181 1148 4246 Athenis
1164 4179 1252 4268 apud

1038 4291 1053 4346 1
