<?xml version="1.0" encoding="UTF-8"?>
<!DOCTYPE html PUBLIC "-//W3C//DTD XHTML 1.0 Transitional//EN"
    "http://www.w3.org/TR/xhtml1/DTD/xhtml1-transitional.dtd">
<html xmlns="http://www.w3.org/1999/xhtml" xml:lang="en" lang="en">
 <head>
  <title>
</title>
<meta http-equiv="Content-Type" content="text/html;charset=utf-8" />
  <meta name='ocr-system' content='tesseract 3.04.00' />
  <meta name='ocr-capabilities' content='ocr_page ocr_carea ocr_par ocr_line ocrx_word'/>
</head>
<body>
  <div class='ocr_page' id='page_1' title='image "./deplautiepidico01muelgoog_0056.png"; bbox 0 0 2820 4830; ppageno 0'>
   <div class='ocr_carea' id='block_1_1' title="bbox 657 299 697 365">
    <p class='ocr_par' dir='ltr' id='par_1_1' title="bbox 657 299 697 365">
     <span class='ocr_line' id='line_1_1' title="bbox 657 299 697 365; baseline 0.025 -1"><span class='ocrx_word' id='word_1_1' title='bbox 657 299 697 365; x_wconf 84' lang='grc'><strong>47</strong></span> 
     </span>
    </p>
   </div>
   <div class='ocr_carea' id='block_1_2' title="bbox 127 483 1228 2419">
    <p class='ocr_par' dir='ltr' id='par_1_2' title="bbox 127 483 1228 2419">
     <span class='ocr_line' id='line_1_2' title="bbox 214 483 1228 569; baseline -0.002 -17"><span class='ocrx_word' id='word_1_2' title='bbox 214 485 299 552; x_wconf 88' lang='lat' dir='ltr'><strong>Tum</strong></span> <span class='ocrx_word' id='word_1_3' title='bbox 322 484 450 569; x_wconf 81' lang='lat' dir='ltr'><strong>argenti</strong></span> <span class='ocrx_word' id='word_1_4' title='bbox 474 483 602 567; x_wconf 87' lang='lat' dir='ltr'><strong>montis,</strong></span> <span class='ocrx_word' id='word_1_5' title='bbox 624 506 691 551; x_wconf 91' lang='lat' dir='ltr'><strong>non</strong></span> <span class='ocrx_word' id='word_1_6' title='bbox 713 506 835 549; x_wconf 82' lang='lat' dir='ltr'><strong>massas</strong></span> <span class='ocrx_word' id='word_1_7' title='bbox 856 484 976 549; x_wconf 85' lang='lat' dir='ltr'><strong>habet:</strong></span> <span class='ocrx_word' id='word_1_8' title='bbox 1011 485 1110 550; x_wconf 83' lang='lat' dir='ltr'><strong>ethna</strong></span> <span class='ocrx_word' id='word_1_9' title='bbox 1133 507 1228 551; x_wconf 88' lang='lat' dir='ltr'><strong>mons</strong></span> 
     </span>
     <span class='ocr_line' id='line_1_3' title="bbox 893 593 1185 677; baseline 0.003 -21"><span class='ocrx_word' id='word_1_10' title='bbox 893 615 959 657; x_wconf 92' lang='lat' dir='ltr'><strong>uon</strong></span> <span class='ocrx_word' id='word_1_11' title='bbox 982 614 1084 677; x_wconf 89' lang='lat' dir='ltr'><strong>aeque</strong></span> <span class='ocrx_word' id='word_1_12' title='bbox 1104 593 1185 658; x_wconf 91' lang='lat' dir='ltr'><strong>altos</strong></span> 
     </span>
     <span class='ocr_line' id='line_1_4' title="bbox 130 693 1227 789; baseline -0.001 -20"><span class='ocrx_word' id='word_1_13' title='bbox 130 702 193 769; x_wconf 92' lang='lat' dir='ltr'><strong>nisi</strong></span> <span class='ocrx_word' id='word_1_14' title='bbox 216 701 302 789; x_wconf 90' lang='lat' dir='ltr'><strong>quod</strong></span> <span class='ocrx_word' id='word_1_15' title='bbox 319 693 422 768; x_wconf 70' lang='lat' dir='ltr'><strong>rerba</strong></span> <span class='ocrx_word' id='word_1_16' title='bbox 439 701 562 766; x_wconf 80' lang='lat' dir='ltr'><strong>‘Aetna</strong></span> <span class='ocrx_word' id='word_1_17' title='bbox 575 703 673 767; x_wconf 80' lang='lat' dir='ltr'><strong>moaa’</strong></span> <span class='ocrx_word' id='word_1_18' title='bbox 691 702 796 767; x_wconf 83' lang='lat' dir='ltr'><strong>Vetus</strong></span> <span class='ocrx_word' id='word_1_19' title='bbox 817 701 922 768; x_wconf 85' lang='lat' dir='ltr'><strong>codex</strong></span> <span class='ocrx_word' id='word_1_20' title='bbox 943 701 1072 768; x_wconf 89' lang='lat' dir='ltr'><strong>omittit.</strong></span> <span class='ocrx_word' id='word_1_21' title='bbox 1103 701 1227 768; x_wconf 82' lang='lat' dir='ltr'><strong>Versus</strong></span> 
     </span>
     <span class='ocr_line' id='line_1_5' title="bbox 130 810 1226 896; baseline 0 -20"><span class='ocrx_word' id='word_1_22' title='bbox 130 812 292 896; x_wconf 93' lang='lat' dir='ltr'><strong>quomodo</strong></span> <span class='ocrx_word' id='word_1_23' title='bbox 315 812 357 876; x_wconf 88' lang='lat' dir='ltr'><strong>sit</strong></span> <span class='ocrx_word' id='word_1_24' title='bbox 376 810 599 876; x_wconf 88' lang='lat' dir='ltr'><strong>emendandus</strong></span> <span class='ocrx_word' id='word_1_25' title='bbox 630 812 664 875; x_wconf 91' lang='lat' dir='ltr'><strong>in</strong></span> <span class='ocrx_word' id='word_1_26' title='bbox 693 811 818 876; x_wconf 91' lang='lat' dir='ltr'><strong>incerto</strong></span> <span class='ocrx_word' id='word_1_27' title='bbox 850 821 909 877; x_wconf 91' lang='lat' dir='ltr'><strong>est.</strong></span> <span class='ocrx_word' id='word_1_28' title='bbox 963 811 1033 878; x_wconf 78' lang='lat' dir='ltr'><strong>Sed</strong></span> <span class='ocrx_word' id='word_1_29' title='bbox 1070 811 1167 877; x_wconf 89' lang='lat' dir='ltr'><strong>etiam</strong></span> <span class='ocrx_word' id='word_1_30' title='bbox 1199 812 1226 877; x_wconf 92' lang='lat' dir='ltr'><strong>si</strong></span> 
     </span>
     <span class='ocr_line' id='line_1_6' title="bbox 128 920 972 1008; baseline -0.001 -22"><span class='ocrx_word' id='word_1_31' title='bbox 128 920 327 986; x_wconf 87' lang='lat' dir='ltr'><strong>Lachmanni</strong></span> <span class='ocrx_word' id='word_1_32' title='bbox 350 920 509 987; x_wconf 85' lang='lat' dir='ltr'><strong>rationem</strong></span> <span class='ocrx_word' id='word_1_33' title='bbox 532 920 760 1008; x_wconf 84' lang='lat' dir='ltr'>amplectimur</span> <span class='ocrx_word' id='word_1_34' title='bbox 780 920 972 986; x_wconf 82' lang='lat' dir='ltr'><strong>scribentis:</strong></span> 
     </span>
     <span class='ocr_line' id='line_1_7' title="bbox 212 1027 1228 1116; baseline 0 -21"><span class='ocrx_word' id='word_1_35' title='bbox 212 1029 297 1096; x_wconf 88' lang='lat' dir='ltr'><strong>Tum</strong></span> <span class='ocrx_word' id='word_1_36' title='bbox 320 1029 446 1116; x_wconf 77' lang='lat' dir='ltr'><strong>argenti</strong></span> <span class='ocrx_word' id='word_1_37' title='bbox 470 1051 573 1095; x_wconf 87' lang='lat' dir='ltr'><strong>mons.</strong></span> <span class='ocrx_word' id='word_1_38' title='bbox 587 1052 606 1094; x_wconf 76' lang='lat' dir='ltr'><strong>:z</strong></span> <span class='ocrx_word' id='word_1_39' title='bbox 622 1027 706 1094; x_wconf 89' lang='lat' dir='ltr'><strong>Nam</strong></span> <span class='ocrx_word' id='word_1_40' title='bbox 730 1029 853 1094; x_wconf 69' lang='lat' dir='ltr'><strong>missas</strong></span> <span class='ocrx_word' id='word_1_41' title='bbox 875 1029 991 1097; x_wconf 87' lang='lat' dir='ltr'><strong>habet:</strong></span> <span class='ocrx_word' id='word_1_42' title='bbox 1011 1029 1228 1095; x_wconf 75' lang='lat' dir='ltr'><strong>Aetndmons</strong></span> 
     </span>
     <span class='ocr_line' id='line_1_8' title="bbox 864 1137 1186 1223; baseline 0.009 -22"><span class='ocrx_word' id='word_1_43' title='bbox 864 1160 929 1202; x_wconf 91' lang='lat' dir='ltr'><strong>non</strong></span> <span class='ocrx_word' id='word_1_44' title='bbox 952 1158 1055 1223; x_wconf 87' lang='lat' dir='ltr'><strong>aeque</strong></span> <span class='ocrx_word' id='word_1_45' title='bbox 1078 1137 1186 1205; x_wconf 71' lang='lat' dir='ltr'><strong>illust.</strong></span> 
     </span>
     <span class='ocr_line' id='line_1_9' title="bbox 128 1245 1227 1335; baseline 0.004 -26"><span class='ocrx_word' id='word_1_46' title='bbox 128 1266 188 1330; x_wconf 92' lang='lat' dir='ltr'><strong>per</strong></span> <span class='ocrx_word' id='word_1_47' title='bbox 208 1268 302 1311; x_wconf 90' lang='lat' dir='ltr'><strong>usum</strong></span> <span class='ocrx_word' id='word_1_48' title='bbox 324 1245 511 1311; x_wconf 82' lang='lat' dir='ltr'><strong>Plautinum</strong></span> <span class='ocrx_word' id='word_1_49' title='bbox 527 1268 594 1312; x_wconf 90' lang='lat' dir='ltr'><strong>non</strong></span> <span class='ocrx_word' id='word_1_50' title='bbox 616 1247 839 1335; x_wconf 84' lang='lat' dir='ltr'><strong>prohibemur,</strong></span> <span class='ocrx_word' id='word_1_51' title='bbox 861 1246 940 1333; x_wconf 93' lang='lat' dir='ltr'><strong>quin</strong></span> <span class='ocrx_word' id='word_1_52' title='bbox 955 1245 1019 1312; x_wconf 89' lang='lat' dir='ltr'><strong>alio</strong></span> <span class='ocrx_word' id='word_1_53' title='bbox 1032 1247 1227 1333; x_wconf 90' lang='lat' dir='ltr'><strong>potiusloco</strong></span> 
     </span>
     <span class='ocr_line' id='line_1_10' title="bbox 128 1352 648 1441; baseline 0.008 -24"><span class='ocrx_word' id='word_1_54' title='bbox 128 1352 195 1418; x_wconf 85' lang='lat' dir='ltr'><strong>‘eat’</strong></span> <span class='ocrx_word' id='word_1_55' title='bbox 220 1356 370 1441; x_wconf 84' lang='lat' dir='ltr'><strong>copulam</strong></span> <span class='ocrx_word' id='word_1_56' title='bbox 392 1354 572 1421; x_wconf 87' lang='lat' dir='ltr'><strong>inseramus</strong></span> <span class='ocrx_word' id='word_1_57' title='bbox 588 1356 648 1440; x_wconf 85' lang='lat'>¹¹):</span> 
     </span>
     <span class='ocr_line' id='line_1_11' title="bbox 210 1454 797 1548; baseline 0 -20"><span class='ocrx_word' id='word_1_58' title='bbox 210 1462 353 1529; x_wconf 79' lang='lat' dir='ltr'><strong>Aetudst</strong></span> <span class='ocrx_word' id='word_1_59' title='bbox 374 1454 554 1529; x_wconf 56' lang='lat' dir='ltr'><strong>mons&#39;non</strong></span> <span class='ocrx_word' id='word_1_60' title='bbox 575 1485 680 1548; x_wconf 85' lang='lat' dir='ltr'><strong>aeque</strong></span> <span class='ocrx_word' id='word_1_61' title='bbox 703 1462 797 1528; x_wconf 69' lang='lat' dir='ltr'><strong>ultus.</strong></span> 
     </span>
     <span class='ocr_line' id='line_1_12' title="bbox 131 1568 1226 1660; baseline 0.005 -25"><span class='ocrx_word' id='word_1_62' title='bbox 131 1568 503 1638; x_wconf 81' lang='lat' dir='ltr'><strong>FirmatFleckeiaenus</strong></span> <span class='ocrx_word' id='word_1_63' title='bbox 527 1571 720 1659; x_wconf 88' lang='lat' dir='ltr'><strong>sententiam</strong></span> <span class='ocrx_word' id='word_1_64' title='bbox 741 1594 831 1636; x_wconf 89' lang='lat' dir='ltr'><strong>suam</strong></span> <span class='ocrx_word' id='word_1_65' title='bbox 854 1572 951 1635; x_wconf 90' lang='lat' dir='ltr'><strong>etiam</strong></span> <span class='ocrx_word' id='word_1_66' title='bbox 971 1572 1226 1660; x_wconf 80' lang='lat' dir='ltr'><strong>Amph.r.439:</strong></span> 
     </span>
     <span class='ocr_line' id='line_1_13' title="bbox 203 1677 1072 1766; baseline -0.007 -16"><span class='ocrx_word' id='word_1_67' title='bbox 203 1679 268 1750; x_wconf 85' lang='lat' dir='ltr'><strong>Ubi</strong></span> <span class='ocrx_word' id='word_1_68' title='bbox 293 1701 355 1766; x_wconf 87' lang='lat' dir='ltr'><strong>ego</strong></span> <span class='ocrx_word' id='word_1_69' title='bbox 379 1679 475 1749; x_wconf 71' lang='lat' dir='ltr'><strong>Sosii</strong></span> <span class='ocrx_word' id='word_1_70' title='bbox 497 1680 599 1745; x_wconf 93' lang='lat' dir='ltr'><strong>nolim</strong></span> <span class='ocrx_word' id='word_1_71' title='bbox 621 1701 703 1762; x_wconf 87' lang='lat' dir='ltr'><strong>esse,</strong></span> <span class='ocrx_word' id='word_1_72' title='bbox 725 1689 759 1743; x_wconf 92' lang='lat' dir='ltr'><strong>tu</strong></span> <span class='ocrx_word' id='word_1_73' title='bbox 784 1680 852 1744; x_wconf 76' lang='lat' dir='ltr'><strong>esto</strong></span> <span class='ocrx_word' id='word_1_74' title='bbox 876 1701 953 1744; x_wconf 89' lang='lat' dir='ltr'><strong>sane</strong></span> <span class='ocrx_word' id='word_1_75' title='bbox 976 1677 1072 1746; x_wconf 74' lang='lat' dir='ltr'><strong>Sosia</strong></span> 
     </span>
     <span class='ocr_line' id='line_1_14' title="bbox 129 1787 1224 1875; baseline 0.003 -24"><span class='ocrx_word' id='word_1_76' title='bbox 129 1810 225 1874; x_wconf 93' lang='lat' dir='ltr'><strong>quem</strong></span> <span class='ocrx_word' id='word_1_77' title='bbox 247 1788 317 1874; x_wconf 92' lang='lat' dir='ltr'><strong>ipse</strong></span> <span class='ocrx_word' id='word_1_78' title='bbox 339 1787 417 1852; x_wconf 93' lang='lat' dir='ltr'><strong>olim</strong></span> <span class='ocrx_word' id='word_1_79' title='bbox 441 1790 520 1851; x_wconf 80' lang='lat' dir='ltr'><strong>‘aare</strong></span> <span class='ocrx_word' id='word_1_80' title='bbox 540 1788 652 1853; x_wconf 81' lang='lat' dir='ltr'><strong>oolim’</strong></span> <span class='ocrx_word' id='word_1_81' title='bbox 675 1796 890 1875; x_wconf 86' lang='lat' dir='ltr'><strong>transponens</strong></span> <span class='ocrx_word' id='word_1_82' title='bbox 914 1798 1112 1853; x_wconf 82' lang='lat' dir='ltr'><strong>correxerat.</strong></span> <span class='ocrx_word' id='word_1_83' title='bbox 1163 1788 1224 1855; x_wconf 92' lang='lat' dir='ltr'><strong>Po-</strong></span> 
     </span>
     <span class='ocr_line' id='line_1_15' title="bbox 127 1896 1226 1983; baseline 0.001 -22"><span class='ocrx_word' id='word_1_84' title='bbox 127 1897 188 1967; x_wconf 88' lang='lat' dir='ltr'><strong>tuit</strong></span> <span class='ocrx_word' id='word_1_85' title='bbox 207 1896 309 1981; x_wconf 84' lang='lat' dir='ltr'><strong>igitur</strong></span> <span class='ocrx_word' id='word_1_86' title='bbox 330 1897 361 1962; x_wconf 91' lang='lat' dir='ltr'><strong>ei</strong></span> <span class='ocrx_word' id='word_1_87' title='bbox 382 1897 485 1970; x_wconf 78' lang='lat' dir='ltr'><strong>videri</strong></span> <span class='ocrx_word' id='word_1_88' title='bbox 509 1896 668 1962; x_wconf 81' lang='lat' dir='ltr'><strong>credibile</strong></span> <span class='ocrx_word' id='word_1_89' title='bbox 684 1898 806 1960; x_wconf 79' lang='lat' dir='ltr'><strong>‘aelim’</strong></span> <span class='ocrx_word' id='word_1_90' title='bbox 820 1900 968 1981; x_wconf 88' lang='lat' dir='ltr'><strong>verbum,</strong></span> <span class='ocrx_word' id='word_1_91' title='bbox 985 1898 1070 1981; x_wconf 91' lang='lat' dir='ltr'><strong>quod</strong></span> <span class='ocrx_word' id='word_1_92' title='bbox 1084 1899 1226 1983; x_wconf 90' lang='lat' dir='ltr'><strong>quidem,</strong></span> 
     </span>
     <span class='ocr_line' id='line_1_16' title="bbox 127 2004 1227 2093; baseline 0.005 -24"><span class='ocrx_word' id='word_1_93' title='bbox 127 2004 155 2068; x_wconf 89' lang='lat' dir='ltr'><strong>si</strong></span> <span class='ocrx_word' id='word_1_94' title='bbox 178 2004 321 2092; x_wconf 85' lang='lat' dir='ltr'><strong>logicum</strong></span> <span class='ocrx_word' id='word_1_95' title='bbox 350 2006 478 2093; x_wconf 91' lang='lat' dir='ltr'><strong>pondus</strong></span> <span class='ocrx_word' id='word_1_96' title='bbox 507 2016 647 2093; x_wconf 88' lang='lat' dir='ltr'><strong>spectes,</strong></span> <span class='ocrx_word' id='word_1_97' title='bbox 677 2007 733 2072; x_wconf 93' lang='lat' dir='ltr'><strong>illo</strong></span> <span class='ocrx_word' id='word_1_98' title='bbox 766 2006 840 2073; x_wconf 92' lang='lat' dir='ltr'><strong>loco</strong></span> <span class='ocrx_word' id='word_1_99' title='bbox 876 2006 977 2090; x_wconf 85' lang='lat' dir='ltr'><strong>longe</strong></span> <span class='ocrx_word' id='word_1_100' title='bbox 998 2007 1227 2092; x_wconf 83' lang='lat' dir='ltr'><strong>gravissimum</strong></span> 
     </span>
     <span class='ocr_line' id='line_1_17' title="bbox 130 2114 1226 2201; baseline 0.005 -25"><span class='ocrx_word' id='word_1_101' title='bbox 130 2121 189 2186; x_wconf 86' lang='lat' dir='ltr'><strong>est,</strong></span> <span class='ocrx_word' id='word_1_102' title='bbox 212 2114 303 2178; x_wconf 91' lang='lat' dir='ltr'><strong>nulla</strong></span> <span class='ocrx_word' id='word_1_103' title='bbox 324 2138 420 2180; x_wconf 83' lang='lat' dir='ltr'><strong>causo</strong></span> <span class='ocrx_word' id='word_1_104' title='bbox 443 2115 483 2180; x_wconf 86' lang='lat' dir='ltr'><strong>ab</strong></span> <span class='ocrx_word' id='word_1_105' title='bbox 507 2115 578 2201; x_wconf 86' lang='lat' dir='ltr'><strong>ipso</strong></span> <span class='ocrx_word' id='word_1_106' title='bbox 600 2127 697 2201; x_wconf 89' lang='lat' dir='ltr'><strong>poeta</strong></span> <span class='ocrx_word' id='word_1_107' title='bbox 723 2115 757 2180; x_wconf 90' lang='lat' dir='ltr'><strong>in</strong></span> <span class='ocrx_word' id='word_1_108' title='bbox 773 2115 855 2179; x_wconf 90' lang='lat' dir='ltr'><strong>thesi</strong></span> <span class='ocrx_word' id='word_1_109' title='bbox 873 2137 1007 2201; x_wconf 90' lang='lat' dir='ltr'><strong>prorsus</strong></span> <span class='ocrx_word' id='word_1_110' title='bbox 1020 2116 1226 2182; x_wconf 88' lang='lat' dir='ltr'><strong>obscuratum</strong></span> 
     </span>
     <span class='ocr_line' id='line_1_18' title="bbox 129 2221 1227 2309; baseline 0.005 -24"><span class='ocrx_word' id='word_1_111' title='bbox 129 2241 210 2286; x_wconf 88' lang='lat' dir='ltr'><strong>esse.</strong></span> <span class='ocrx_word' id='word_1_112' title='bbox 255 2222 354 2304; x_wconf 83' lang='lat' dir='ltr'><strong>Quod</strong></span> <span class='ocrx_word' id='word_1_113' title='bbox 375 2244 470 2306; x_wconf 87' lang='lat' dir='ltr'><strong>quam</strong></span> <span class='ocrx_word' id='word_1_114' title='bbox 495 2223 669 2287; x_wconf 88' lang='lat' dir='ltr'><strong>abhorreat</strong></span> <span class='ocrx_word' id='word_1_115' title='bbox 696 2243 762 2287; x_wconf 93' lang='lat' dir='ltr'><strong>non</strong></span> <span class='ocrx_word' id='word_1_116' title='bbox 786 2223 826 2287; x_wconf 87' lang='lat' dir='ltr'><strong>ab</strong></span> <span class='ocrx_word' id='word_1_117' title='bbox 848 2232 917 2287; x_wconf 92' lang='lat' dir='ltr'><strong>arte</strong></span> <span class='ocrx_word' id='word_1_118' title='bbox 937 2221 1089 2289; x_wconf 90' lang='lat' dir='ltr'><strong>Plautina</strong></span> <span class='ocrx_word' id='word_1_119' title='bbox 1111 2225 1227 2309; x_wconf 90' lang='lat' dir='ltr'><strong>solum,</strong></span> 
     </span>
     <span class='ocr_line' id='line_1_19' title="bbox 128 2328 1226 2419; baseline 0.005 -24"><span class='ocrx_word' id='word_1_120' title='bbox 128 2328 187 2395; x_wconf 82' lang='lat' dir='ltr'><strong>sed</strong></span> <span class='ocrx_word' id='word_1_121' title='bbox 200 2330 331 2395; x_wconf 90' lang='lat' dir='ltr'><strong>omuino</strong></span> <span class='ocrx_word' id='word_1_122' title='bbox 345 2354 364 2394; x_wconf 93' lang='lat' dir='ltr'><strong>a</strong></span> <span class='ocrx_word' id='word_1_123' title='bbox 378 2354 455 2396; x_wconf 88' lang='lat' dir='ltr'><strong>sana</strong></span> <span class='ocrx_word' id='word_1_124' title='bbox 465 2330 601 2412; x_wconf 89' lang='lat' dir='ltr'><strong>ratione,</strong></span> <span class='ocrx_word' id='word_1_125' title='bbox 625 2354 692 2396; x_wconf 90' lang='lat' dir='ltr'><strong>non</strong></span> <span class='ocrx_word' id='word_1_126' title='bbox 714 2340 764 2395; x_wconf 88' lang='lat' dir='ltr'><strong>est</strong></span> <span class='ocrx_word' id='word_1_127' title='bbox 784 2331 932 2419; x_wconf 90' lang='lat' dir='ltr'><strong>pluribus</strong></span> <span class='ocrx_word' id='word_1_128' title='bbox 955 2334 1226 2419; x_wconf 88' lang='lat' dir='ltr'><strong>persequendum.</strong></span> 
     </span>
    </p>
   </div>
   <div class='ocr_carea' id='block_1_3' title="bbox 128 2437 1353 2525">
    <p class='ocr_par' dir='ltr' id='par_1_3' title="bbox 128 2437 1353 2525">
     <span class='ocr_line' id='line_1_20' title="bbox 128 2437 1353 2525; baseline 0.003 -22"><span class='ocrx_word' id='word_1_129' title='bbox 128 2437 240 2523; x_wconf 88' lang='lat' dir='ltr'><strong>Itaque</strong></span> <span class='ocrx_word' id='word_1_130' title='bbox 264 2440 424 2523; x_wconf 86' lang='lat' dir='ltr'><strong>nouerit,</strong></span> <span class='ocrx_word' id='word_1_131' title='bbox 447 2462 506 2505; x_wconf 88' lang='lat' dir='ltr'><strong>cur</strong></span> <span class='ocrx_word' id='word_1_132' title='bbox 526 2440 603 2504; x_wconf 91' lang='lat' dir='ltr'><strong>mihi</strong></span> <span class='ocrx_word' id='word_1_133' title='bbox 626 2439 791 2505; x_wconf 87' lang='lat' dir='ltr'><strong>irascatur</strong></span> <span class='ocrx_word' id='word_1_134' title='bbox 810 2440 880 2525; x_wconf 88' lang='lat' dir='ltr'><strong>ille,</strong></span> <span class='ocrx_word' id='word_1_135' title='bbox 894 2441 922 2506; x_wconf 87' lang='lat' dir='ltr'><strong>si</strong></span> <span class='ocrx_word' id='word_1_136' title='bbox 940 2451 1137 2507; x_wconf 89' lang='lat' dir='ltr'><strong>contraeum</strong></span> <span class='ocrx_word' id='word_1_137' title='bbox 1160 2463 1227 2506; x_wconf 87' lang='lat' dir='ltr'><strong>cer·</strong></span> <span class='ocrx_word' id='word_1_138' title='bbox 1346 2447 1353 2457; x_wconf 92' lang='lat'><em>&#39;</em></span> 
     </span>
    </p>
   </div>
   <div class='ocr_carea' id='block_1_4' title="bbox 125 2546 1227 4040">
    <p class='ocr_par' dir='ltr' id='par_1_4' title="bbox 125 2546 1227 4040">
     <span class='ocr_line' id='line_1_21' title="bbox 128 2546 866 2636; baseline 0.007 -26"><span class='ocrx_word' id='word_1_139' title='bbox 128 2546 283 2612; x_wconf 79' lang='lat' dir='ltr'><strong>tissimum</strong></span> <span class='ocrx_word' id='word_1_140' title='bbox 304 2548 407 2636; x_wconf 87' lang='lat' dir='ltr'><strong>ipsius</strong></span> <span class='ocrx_word' id='word_1_141' title='bbox 429 2549 689 2616; x_wconf 87' lang='lat' dir='ltr'><strong>emendationem</strong></span> <span class='ocrx_word' id='word_1_142' title='bbox 714 2550 866 2615; x_wconf 88' lang='lat' dir='ltr'><strong>defendo.</strong></span> 
     </span>
     <span class='ocr_line' id='line_1_22' title="bbox 213 2653 1102 2742; baseline 0.001 -21"><span class='ocrx_word' id='word_1_143' title='bbox 213 2653 296 2721; x_wconf 82' lang='lat' dir='ltr'><strong>Cum</strong></span> <span class='ocrx_word' id='word_1_144' title='bbox 317 2657 390 2742; x_wconf 91' lang='lat' dir='ltr'><strong>hoc,</strong></span> <span class='ocrx_word' id='word_1_145' title='bbox 412 2658 452 2723; x_wconf 89' lang='lat' dir='ltr'><strong>de</strong></span> <span class='ocrx_word' id='word_1_146' title='bbox 476 2679 539 2742; x_wconf 91' lang='lat' dir='ltr'><strong>quo</strong></span> <span class='ocrx_word' id='word_1_147' title='bbox 563 2658 685 2722; x_wconf 90' lang='lat' dir='ltr'><strong>dictum</strong></span> <span class='ocrx_word' id='word_1_148' title='bbox 711 2669 772 2742; x_wconf 85' lang='lat' dir='ltr'><strong>est,</strong></span> <span class='ocrx_word' id='word_1_149' title='bbox 790 2681 887 2724; x_wconf 83' lang='lat' dir='ltr'><strong>versu</strong></span> <span class='ocrx_word' id='word_1_150' title='bbox 914 2658 1102 2724; x_wconf 86' lang='lat' dir='ltr'><strong>coniunxit:</strong></span> 
     </span>
     <span class='ocr_line' id='line_1_23' title="bbox 212 2763 1227 2852; baseline 0.004 -24"><span class='ocrx_word' id='word_1_151' title='bbox 212 2763 335 2851; x_wconf 88' lang='lat' dir='ltr'><strong>Amph.</strong></span> <span class='ocrx_word' id='word_1_152' title='bbox 356 2765 438 2829; x_wconf 83' lang='lat'>483:</span> <span class='ocrx_word' id='word_1_153' title='bbox 460 2765 539 2847; x_wconf 82' lang='lat' dir='ltr'><strong>Quis</strong></span> <span class='ocrx_word' id='word_1_154' title='bbox 563 2787 625 2852; x_wconf 87' lang='lat' dir='ltr'><strong>ego</strong></span> <span class='ocrx_word' id='word_1_155' title='bbox 650 2789 721 2830; x_wconf 88' lang='lat' dir='ltr'><strong>sum</strong></span> <span class='ocrx_word' id='word_1_156' title='bbox 745 2766 859 2832; x_wconf 76' lang='lat' dir='ltr'><strong>saltem</strong></span> <span class='ocrx_word' id='word_1_157' title='bbox 884 2766 911 2830; x_wconf 90' lang='lat' dir='ltr'><strong>si</strong></span> <span class='ocrx_word' id='word_1_158' title='bbox 933 2789 1000 2832; x_wconf 89' lang='lat' dir='ltr'><strong>non</strong></span> <span class='ocrx_word' id='word_1_159' title='bbox 1022 2789 1093 2831; x_wconf 87' lang='lat' dir='ltr'><strong>sum</strong></span> <span class='ocrx_word' id='word_1_160' title='bbox 1107 2765 1227 2832; x_wconf 78' lang='lat' dir='ltr'><strong>sosia?</strong></span> 
     </span>
     <span class='ocr_line' id='line_1_24' title="bbox 952 2875 1184 2963; baseline 0.004 -23"><span class='ocrx_word' id='word_1_161' title='bbox 952 2885 984 2941; x_wconf 92' lang='lat' dir='ltr'><strong>te</strong></span> <span class='ocrx_word' id='word_1_162' title='bbox 1005 2875 1184 2963; x_wconf 77' lang='lat' dir='ltr'><strong>interrogo.</strong></span> 
     </span>
     <span class='ocr_line' id='line_1_25' title="bbox 210 2979 1225 3066; baseline 0.001 -17"><span class='ocrx_word' id='word_1_163' title='bbox 210 2979 297 3049; x_wconf 91' lang='lat' dir='ltr'><strong>Ibid.</strong></span> <span class='ocrx_word' id='word_1_164' title='bbox 322 2981 419 3048; x_wconf 78' lang='lat'>1024:</span> <span class='ocrx_word' id='word_1_165' title='bbox 444 2979 549 3048; x_wconf 78' lang='lat' dir='ltr'><strong>Seria.</strong></span> <span class='ocrx_word' id='word_1_166' title='bbox 574 3005 592 3048; x_wconf 77' lang='lat' dir='ltr'><strong>z:</strong></span> <span class='ocrx_word' id='word_1_167' title='bbox 612 2982 680 3049; x_wconf 86' lang='lat' dir='ltr'><strong>Ita:</strong></span> <span class='ocrx_word' id='word_1_168' title='bbox 704 3006 776 3048; x_wconf 91' lang='lat' dir='ltr'><strong>sum</strong></span> <span class='ocrx_word' id='word_1_169' title='bbox 791 2983 896 3066; x_wconf 81' lang='lat' dir='ltr'><strong>Sbsia,</strong></span> <span class='ocrx_word' id='word_1_170' title='bbox 917 2982 979 3049; x_wconf 92' lang='lat' dir='ltr'><strong>nisi</strong></span> <span class='ocrx_word' id='word_1_171' title='bbox 1000 3007 1052 3050; x_wconf 93' lang='lat' dir='ltr'><strong>me</strong></span> <span class='ocrx_word' id='word_1_172' title='bbox 1075 2987 1146 3050; x_wconf 77' lang='lat' dir='ltr'><strong>esse</strong></span> <span class='ocrx_word' id='word_1_173' title='bbox 1170 2984 1225 3050; x_wconf 94' lang='lat' dir='ltr'><strong>ob-</strong></span> 
     </span>
     <span class='ocr_line' id='line_1_26' title="bbox 881 3093 1184 3161; baseline 0.017 -5"><span class='ocrx_word' id='word_1_174' title='bbox 881 3093 975 3158; x_wconf 90' lang='lat' dir='ltr'><strong>litum</strong></span> <span class='ocrx_word' id='word_1_175' title='bbox 997 3095 1184 3161; x_wconf 84' lang='lat' dir='ltr'><strong>existumas.</strong></span> 
     </span>
     <span class='ocr_line' id='line_1_27' title="bbox 129 3193 1226 3291; baseline 0.005 -30"><span class='ocrx_word' id='word_1_176' title='bbox 129 3193 275 3275; x_wconf 84' lang='lat' dir='ltr'><strong>Quorum</strong></span> <span class='ocrx_word' id='word_1_177' title='bbox 309 3207 417 3264; x_wconf 87' lang='lat' dir='ltr'><strong>tamen</strong></span> <span class='ocrx_word' id='word_1_178' title='bbox 444 3200 544 3286; x_wconf 90' lang='lat' dir='ltr'><strong>prior,</strong></span> <span class='ocrx_word' id='word_1_179' title='bbox 575 3199 632 3265; x_wconf 90' lang='lat' dir='ltr'><strong>ubi</strong></span> <span class='ocrx_word' id='word_1_180' title='bbox 655 3199 697 3265; x_wconf 92' lang='lat' dir='ltr'><strong>de</strong></span> <span class='ocrx_word' id='word_1_181' title='bbox 720 3200 905 3266; x_wconf 87' lang='lat' dir='ltr'><strong>evincenda</strong></span> <span class='ocrx_word' id='word_1_182' title='bbox 925 3201 1021 3267; x_wconf 89' lang='lat' dir='ltr'><strong>huius</strong></span> <span class='ocrx_word' id='word_1_183' title='bbox 1043 3203 1084 3266; x_wconf 82' lang='lat' dir='ltr'><strong>‘a’</strong></span> <span class='ocrx_word' id='word_1_184' title='bbox 1106 3202 1226 3291; x_wconf 91' lang='lat' dir='ltr'><strong>produ·</strong></span> 
     </span>
     <span class='ocr_line' id='line_1_28' title="bbox 128 3301 1224 3397; baseline 0.009 -31"><span class='ocrx_word' id='word_1_185' title='bbox 128 3301 234 3368; x_wconf 85' lang='lat' dir='ltr'><strong>ctione</strong></span> <span class='ocrx_word' id='word_1_186' title='bbox 254 3302 372 3387; x_wconf 84' lang='lat' dir='ltr'><strong>agitur,</strong></span> <span class='ocrx_word' id='word_1_187' title='bbox 396 3328 437 3372; x_wconf 90' lang='lat' dir='ltr'><strong>ne</strong></span> <span class='ocrx_word' id='word_1_188' title='bbox 466 3307 566 3372; x_wconf 91' lang='lat' dir='ltr'><strong>debet</strong></span> <span class='ocrx_word' id='word_1_189' title='bbox 587 3307 718 3394; x_wconf 87' lang='lat' dir='ltr'><strong>quidem</strong></span> <span class='ocrx_word' id='word_1_190' title='bbox 739 3309 891 3394; x_wconf 89' lang='lat' dir='ltr'><strong>proferri,</strong></span> <span class='ocrx_word' id='word_1_191' title='bbox 914 3310 997 3375; x_wconf 92' lang='lat' dir='ltr'><strong>alter</strong></span> <span class='ocrx_word' id='word_1_192' title='bbox 1018 3312 1147 3397; x_wconf 90' lang='lat' dir='ltr'><strong>plenam</strong></span> <span class='ocrx_word' id='word_1_193' title='bbox 1171 3311 1224 3376; x_wconf 87' lang='lat' dir='ltr'><strong>de-</strong></span> 
     </span>
     <span class='ocr_line' id='line_1_29' title="bbox 127 3412 1225 3502; baseline 0.008 -28"><span class='ocrx_word' id='word_1_194' title='bbox 127 3412 329 3476; x_wconf 89' lang='lat' dir='ltr'><strong>monstrandi</strong></span> <span class='ocrx_word' id='word_1_195' title='bbox 364 3412 430 3477; x_wconf 86' lang='lat' dir='ltr'><strong>vim</strong></span> <span class='ocrx_word' id='word_1_196' title='bbox 452 3415 647 3495; x_wconf 89' lang='lat' dir='ltr'><strong>nonhabet,</strong></span> <span class='ocrx_word' id='word_1_197' title='bbox 679 3414 756 3500; x_wconf 82' lang='lat' dir='ltr'><strong>quia&#39;</strong></span> <span class='ocrx_word' id='word_1_198' title='bbox 774 3424 903 3502; x_wconf 89' lang='lat' dir='ltr'><strong>poetam</strong></span> <span class='ocrx_word' id='word_1_199' title='bbox 928 3416 1086 3499; x_wconf 87' lang='lat' dir='ltr'><strong>quaedam</strong></span> <span class='ocrx_word' id='word_1_200' title='bbox 1107 3418 1142 3484; x_wconf 92' lang='lat' dir='ltr'><strong>in</strong></span> <span class='ocrx_word' id='word_1_201' title='bbox 1163 3418 1225 3483; x_wconf 94' lang='lat' dir='ltr'><strong>hoc</strong></span> 
     </span>
     <span class='ocr_line' id='line_1_30' title="bbox 126 3520 1227 3610; baseline 0.006 -28"><span class='ocrx_word' id='word_1_202' title='bbox 126 3540 263 3604; x_wconf 87' lang='lat' dir='ltr'><strong>genere,</strong></span> <span class='ocrx_word' id='word_1_203' title='bbox 286 3520 319 3586; x_wconf 93' lang='lat' dir='ltr'><strong>iu</strong></span> <span class='ocrx_word' id='word_1_204' title='bbox 342 3521 488 3587; x_wconf 86' lang='lat' dir='ltr'><strong>acuenda</strong></span> <span class='ocrx_word' id='word_1_205' title='bbox 510 3522 582 3587; x_wconf 93' lang='lat' dir='ltr'><strong>dico</strong></span> <span class='ocrx_word' id='word_1_206' title='bbox 607 3521 722 3587; x_wconf 85' lang='lat' dir='ltr'><strong>ultima</strong></span> <span class='ocrx_word' id='word_1_207' title='bbox 755 3523 935 3608; x_wconf 86' lang='lat' dir='ltr'><strong>dactylicae</strong></span> <span class='ocrx_word' id='word_1_208' title='bbox 969 3525 1059 3590; x_wconf 86' lang='lat' dir='ltr'><strong>vocis</strong></span> <span class='ocrx_word' id='word_1_209' title='bbox 1090 3525 1227 3610; x_wconf 86' lang='lat' dir='ltr'><strong>syllaba,</strong></span> 
     </span>
     <span class='ocr_line' id='line_1_31' title="bbox 127 3625 1226 3717; baseline 0.005 -26"><span class='ocrx_word' id='word_1_210' title='bbox 127 3625 189 3691; x_wconf 88' lang='lat' dir='ltr'><strong>sibi</strong></span> <span class='ocrx_word' id='word_1_211' title='bbox 210 3627 386 3696; x_wconf 90' lang='lat' dir='ltr'><strong>indulsisse</strong></span> <span class='ocrx_word' id='word_1_212' title='bbox 411 3629 579 3694; x_wconf 88' lang='lat' dir='ltr'><strong>fatendum</strong></span> <span class='ocrx_word' id='word_1_213' title='bbox 604 3639 662 3694; x_wconf 91' lang='lat' dir='ltr'><strong>est.</strong></span> <span class='ocrx_word' id='word_1_214' title='bbox 708 3628 805 3709; x_wconf 85' lang='lat' dir='ltr'><strong>Quod</strong></span> <span class='ocrx_word' id='word_1_215' title='bbox 837 3639 874 3694; x_wconf 90' lang='lat' dir='ltr'><strong>ut</strong></span> <span class='ocrx_word' id='word_1_216' title='bbox 902 3653 968 3695; x_wconf 90' lang='lat' dir='ltr'><strong>non</strong></span> <span class='ocrx_word' id='word_1_217' title='bbox 998 3632 1107 3698; x_wconf 89' lang='lat' dir='ltr'><strong>multis</strong></span> <span class='ocrx_word' id='word_1_218' title='bbox 1137 3654 1226 3717; x_wconf 87' lang='lat' dir='ltr'><strong>sane,</strong></span> 
     </span>
     <span class='ocr_line' id='line_1_32' title="bbox 127 3739 1227 3828; baseline 0.004 -29"><span class='ocrx_word' id='word_1_219' title='bbox 127 3756 209 3820; x_wconf 86' lang='lat' dir='ltr'><strong>quae</strong></span> <span class='ocrx_word' id='word_1_220' title='bbox 225 3739 258 3803; x_wconf 91' lang='lat' dir='ltr'><strong>in</strong></span> <span class='ocrx_word' id='word_1_221' title='bbox 278 3739 368 3804; x_wconf 84' lang='lat' dir='ltr'><strong>libris</strong></span> <span class='ocrx_word' id='word_1_222' title='bbox 383 3739 543 3806; x_wconf 87' lang='lat' dir='ltr'><strong>Plautinis</strong></span> <span class='ocrx_word' id='word_1_223' title='bbox 565 3749 705 3824; x_wconf 85' lang='lat' dir='ltr'><strong>exstant,</strong></span> <span class='ocrx_word' id='word_1_224' title='bbox 729 3741 888 3827; x_wconf 85' lang='lat' dir='ltr'><strong>exemplis</strong></span> <span class='ocrx_word' id='word_1_225' title='bbox 911 3741 1053 3822; x_wconf 86' lang='lat' dir='ltr'><strong>credam,</strong></span> <span class='ocrx_word' id='word_1_226' title='bbox 1076 3740 1227 3828; x_wconf 86' lang='lat' dir='ltr'><strong>inprimis</strong></span> 
     </span>
     <span class='ocr_line' id='line_1_33' title="bbox 126 3843 1224 3934; baseline 0.005 -28"><span class='ocrx_word' id='word_1_227' title='bbox 126 3843 209 3910; x_wconf 93' lang='lat' dir='ltr'><strong>illud</strong></span> <span class='ocrx_word' id='word_1_228' title='bbox 224 3866 276 3908; x_wconf 92' lang='lat' dir='ltr'><strong>me</strong></span> <span class='ocrx_word' id='word_1_229' title='bbox 292 3855 413 3930; x_wconf 86' lang='lat' dir='ltr'><strong>movet,</strong></span> <span class='ocrx_word' id='word_1_230' title='bbox 438 3846 524 3931; x_wconf 90' lang='lat' dir='ltr'><strong>quod</strong></span> <span class='ocrx_word' id='word_1_231' title='bbox 542 3857 657 3934; x_wconf 90' lang='lat' dir='ltr'><strong>poetae</strong></span> <span class='ocrx_word' id='word_1_232' title='bbox 676 3847 809 3929; x_wconf 86' lang='lat' dir='ltr'><strong>scenici,</strong></span> <span class='ocrx_word' id='word_1_233' title='bbox 832 3847 886 3932; x_wconf 93' lang='lat' dir='ltr'><strong>qui</strong></span> <span class='ocrx_word' id='word_1_234' title='bbox 903 3847 1096 3931; x_wconf 89' lang='lat' dir='ltr'><strong>dactylicam</strong></span> <span class='ocrx_word' id='word_1_235' title='bbox 1109 3868 1224 3914; x_wconf 86' lang='lat' dir='ltr'><strong>vocem</strong></span> 
     </span>
     <span class='ocr_line' id='line_1_34' title="bbox 125 3948 1224 4040; baseline 0.008 -26"><span class='ocrx_word' id='word_1_236' title='bbox 125 3948 160 4015; x_wconf 92' lang='lat' dir='ltr'><strong>in</strong></span> <span class='ocrx_word' id='word_1_237' title='bbox 179 3975 276 4018; x_wconf 84' lang='lat' dir='ltr'><strong>versu</strong></span> <span class='ocrx_word' id='word_1_238' title='bbox 299 3975 360 4040; x_wconf 93' lang='lat' dir='ltr'><strong>pro</strong></span> <span class='ocrx_word' id='word_1_239' title='bbox 383 3953 538 4018; x_wconf 91' lang='lat' dir='ltr'><strong>trochaeo</strong></span> <span class='ocrx_word' id='word_1_240' title='bbox 560 3976 627 4018; x_wconf 90' lang='lat' dir='ltr'><strong>uon</strong></span> <span class='ocrx_word' id='word_1_241' title='bbox 659 3954 722 4019; x_wconf 92' lang='lat' dir='ltr'><strong>nisi</strong></span> <span class='ocrx_word' id='word_1_242' title='bbox 753 3955 946 4040; x_wconf 82' lang='lat' dir='ltr'><strong>quibusdam</strong></span> <span class='ocrx_word' id='word_1_243' title='bbox 979 3955 1224 4023; x_wconf 91' lang='lat' dir='ltr'><strong>condicionibus</strong></span> 
     </span>
    </p>
   </div>
   <div class='ocr_carea' id='block_1_5' title="bbox 200 4204 788 4276">
    <p class='ocr_par' dir='ltr' id='par_1_5' title="bbox 200 4204 788 4276">
     <span class='ocr_line' id='line_1_35' title="bbox 200 4204 788 4276; baseline 0.007 -18"><span class='ocrx_word' id='word_1_244' title='bbox 200 4205 243 4274; x_wconf 90' lang='lat'><strong>11)</strong></span> <span class='ocrx_word' id='word_1_245' title='bbox 264 4222 290 4259; x_wconf 85' lang='lat' dir='ltr'><strong>v.</strong></span> <span class='ocrx_word' id='word_1_246' title='bbox 310 4204 418 4259; x_wconf 89' lang='lat' dir='ltr'><strong>Ritsch.</strong></span> <span class='ocrx_word' id='word_1_247' title='bbox 437 4205 510 4275; x_wconf 85' lang='lat' dir='ltr'><strong>prol.</strong></span> <span class='ocrx_word' id='word_1_248' title='bbox 529 4205 559 4258; x_wconf 89' lang='lat' dir='ltr'><strong>in</strong></span> <span class='ocrx_word' id='word_1_249' title='bbox 577 4206 667 4261; x_wconf 85' lang='lat' dir='ltr'><strong>Plaut.</strong></span> <span class='ocrx_word' id='word_1_250' title='bbox 685 4224 714 4276; x_wconf 90' lang='lat' dir='ltr'><strong>p.</strong></span> <span class='ocrx_word' id='word_1_251' title='bbox 725 4209 788 4263; x_wconf 83' lang='lat'><strong>107.</strong></span> 
     </span>
    </p>
   </div>
   <div class='ocr_carea' id='block_1_6' title="bbox 0 0 1414 4830">
    <p class='ocr_par' dir='ltr' id='par_1_6' title="bbox 0 0 1414 4830">
     <span class='ocr_line' id='line_1_36' title="bbox 0 0 1414 4830; baseline 0 2"><span class='ocrx_word' id='word_1_252' title='bbox 0 0 1414 4830; x_wconf 95' lang='lat' dir='ltr'><strong> </strong></span> 
     </span>
    </p>
   </div>
  </div>
 </body>
</html>
