<?xml version="1.0" encoding="UTF-8"?>
<!DOCTYPE html PUBLIC "-//W3C//DTD XHTML 1.0 Transitional//EN"
    "http://www.w3.org/TR/xhtml1/DTD/xhtml1-transitional.dtd">
<html xmlns="http://www.w3.org/1999/xhtml" xml:lang="en" lang="en">
 <head>
  <title>
</title>
<meta http-equiv="Content-Type" content="text/html;charset=utf-8" />
  <meta name='ocr-system' content='tesseract 3.04.00' />
  <meta name='ocr-capabilities' content='ocr_page ocr_carea ocr_par ocr_line ocrx_word'/>
</head>
<body>
  <div class='ocr_page' id='page_1' title='image "./deplautiepidico01muelgoog_0019.png"; bbox 0 0 2820 4830; ppageno 0'>
   <div class='ocr_carea' id='block_1_1' title="bbox 735 261 776 324">
    <p class='ocr_par' dir='ltr' id='par_1_1' title="bbox 735 261 776 324">
     <span class='ocr_line' id='line_1_1' title="bbox 735 261 776 324; baseline -0.024 0"><span class='ocrx_word' id='word_1_1' title='bbox 735 261 776 324; x_wconf 92' lang='lat'><strong>10</strong></span> 
     </span>
    </p>
   </div>
   <div class='ocr_carea' id='block_1_2' title="bbox 205 443 1305 2063">
    <p class='ocr_par' dir='ltr' id='par_1_2' title="bbox 205 443 1305 2063">
     <span class='ocr_line' id='line_1_2' title="bbox 208 443 1303 530; baseline 0 -22"><span class='ocrx_word' id='word_1_2' title='bbox 208 452 312 508; x_wconf 88' lang='lat' dir='ltr'><strong>metro</strong></span> <span class='ocrx_word' id='word_1_3' title='bbox 341 443 481 530; x_wconf 89' lang='lat' dir='ltr'><strong>optimos</strong></span> <span class='ocrx_word' id='word_1_4' title='bbox 515 466 557 509; x_wconf 89' lang='lat' dir='ltr'><strong>ex</strong></span> <span class='ocrx_word' id='word_1_5' title='bbox 584 445 645 509; x_wconf 90' lang='lat' dir='ltr'><strong>alia</strong></span> <span class='ocrx_word' id='word_1_6' title='bbox 666 444 814 510; x_wconf 86' lang='lat' dir='ltr'><strong>Plautina</strong></span> <span class='ocrx_word' id='word_1_7' title='bbox 849 445 959 510; x_wconf 81' lang='lat' dir='ltr'><strong>fabula</strong></span> <span class='ocrx_word' id='word_1_8' title='bbox 993 446 1055 510; x_wconf 93' lang='lat' dir='ltr'><strong>huc</strong></span> <span class='ocrx_word' id='word_1_9' title='bbox 1087 445 1250 511; x_wconf 86' lang='lat' dir='ltr'><strong>transtulit</strong></span> <span class='ocrx_word' id='word_1_10' title='bbox 1264 444 1303 526; x_wconf 76' lang='lat'><strong>⁴),</strong></span> 
     </span>
     <span class='ocr_line' id='line_1_3' title="bbox 207 552 1303 643; baseline 0 -27"><span class='ocrx_word' id='word_1_11' title='bbox 207 573 263 616; x_wconf 88' lang='lat' dir='ltr'><strong>seu</strong></span> <span class='ocrx_word' id='word_1_12' title='bbox 287 553 319 616; x_wconf 90' lang='lat' dir='ltr'><strong>in</strong></span> <span class='ocrx_word' id='word_1_13' title='bbox 342 552 447 640; x_wconf 88' lang='lat' dir='ltr'><strong>poetis</strong></span> <span class='ocrx_word' id='word_1_14' title='bbox 468 554 600 618; x_wconf 87' lang='lat' dir='ltr'><strong>comicis</strong></span> <span class='ocrx_word' id='word_1_15' title='bbox 624 554 706 618; x_wconf 85' lang='lat' dir='ltr'><strong>adeo</strong></span> <span class='ocrx_word' id='word_1_16' title='bbox 736 564 881 620; x_wconf 81' lang='lat' dir='ltr'><strong>versatus</strong></span> <span class='ocrx_word' id='word_1_17' title='bbox 914 564 995 638; x_wconf 80' lang='lat' dir='ltr'><strong>erat,</strong></span> <span class='ocrx_word' id='word_1_18' title='bbox 1023 564 1059 618; x_wconf 90' lang='lat' dir='ltr'><strong>ut</strong></span> <span class='ocrx_word' id='word_1_19' title='bbox 1093 555 1162 643; x_wconf 88' lang='lat' dir='ltr'><strong>ipse</strong></span> <span class='ocrx_word' id='word_1_20' title='bbox 1192 564 1303 642; x_wconf 85' lang='lat' dir='ltr'><strong>posset</strong></span> 
     </span>
     <span class='ocr_line' id='line_1_4' title="bbox 208 663 1300 751; baseline 0.003 -26"><span class='ocrx_word' id='word_1_21' title='bbox 208 672 270 726; x_wconf 85' lang='lat' dir='ltr'><strong>tam</strong></span> <span class='ocrx_word' id='word_1_22' title='bbox 297 663 399 728; x_wconf 91' lang='lat' dir='ltr'><strong>bonos</strong></span> <span class='ocrx_word' id='word_1_23' title='bbox 429 663 607 727; x_wconf 89' lang='lat' dir='ltr'><strong>versiculos</strong></span> <span class='ocrx_word' id='word_1_24' title='bbox 630 685 786 751; x_wconf 79' lang='lat' dir='ltr'>pangere.</span> <span class='ocrx_word' id='word_1_25' title='bbox 828 665 871 730; x_wconf 87' lang='lat' dir='ltr'><strong>Et</strong></span> <span class='ocrx_word' id='word_1_26' title='bbox 894 664 929 729; x_wconf 87' lang='lat' dir='ltr'><strong>in</strong></span> <span class='ocrx_word' id='word_1_27' title='bbox 950 663 1087 749; x_wconf 91' lang='lat' dir='ltr'><strong>proclivi</strong></span> <span class='ocrx_word' id='word_1_28' title='bbox 1109 674 1157 728; x_wconf 83' lang='lat' dir='ltr'><strong>est</strong></span> <span class='ocrx_word' id='word_1_29' title='bbox 1180 686 1237 727; x_wconf 89' lang='lat' dir='ltr'><strong>eos</strong></span> <span class='ocrx_word' id='word_1_30' title='bbox 1260 664 1300 728; x_wconf 92' lang='lat' dir='ltr'><strong>ad</strong></span> 
     </span>
     <span class='ocr_line' id='line_1_5' title="bbox 207 771 1300 861; baseline 0.002 -27"><span class='ocrx_word' id='word_1_31' title='bbox 207 771 397 836; x_wconf 79' lang='lat' dir='ltr'><strong>histrionem</strong></span> <span class='ocrx_word' id='word_1_32' title='bbox 425 771 566 856; x_wconf 84' lang='lat' dir='ltr'><strong>aliquem</strong></span> <span class='ocrx_word' id='word_1_33' title='bbox 589 774 710 837; x_wconf 88' lang='lat' dir='ltr'><strong>saeculi</strong></span> <span class='ocrx_word' id='word_1_34' title='bbox 733 797 760 838; x_wconf 89' lang='lat' dir='ltr'><strong>a.</strong></span> <span class='ocrx_word' id='word_1_35' title='bbox 788 798 819 837; x_wconf 90' lang='lat' dir='ltr'><strong>u.</strong></span> <span class='ocrx_word' id='word_1_36' title='bbox 843 797 870 836; x_wconf 87' lang='lat' dir='ltr'><strong>c.</strong></span> <span class='ocrx_word' id='word_1_37' title='bbox 895 773 1023 861; x_wconf 80' lang='lat' dir='ltr'><strong>septimi</strong></span> <span class='ocrx_word' id='word_1_38' title='bbox 1056 783 1222 839; x_wconf 83' lang='lat' dir='ltr'><strong>auctorem</strong></span> <span class='ocrx_word' id='word_1_39' title='bbox 1253 794 1300 836; x_wconf 85' lang='lat' dir='ltr'><strong>re-</strong></span> 
     </span>
     <span class='ocr_line' id='line_1_6' title="bbox 205 879 1301 969; baseline 0.001 -26"><span class='ocrx_word' id='word_1_40' title='bbox 205 879 301 944; x_wconf 85' lang='lat' dir='ltr'><strong>ferre·</strong></span> <span class='ocrx_word' id='word_1_41' title='bbox 353 880 437 944; x_wconf 91' lang='lat' dir='ltr'><strong>Nam</strong></span> <span class='ocrx_word' id='word_1_42' title='bbox 468 890 504 944; x_wconf 90' lang='lat' dir='ltr'><strong>ut</strong></span> <span class='ocrx_word' id='word_1_43' title='bbox 525 880 698 967; x_wconf 79' lang='lat' dir='ltr'><strong>Epidicum</strong></span> <span class='ocrx_word' id='word_1_44' title='bbox 720 881 861 946; x_wconf 83' lang='lat' dir='ltr'><strong>fabulam</strong></span> <span class='ocrx_word' id='word_1_45' title='bbox 884 880 946 944; x_wconf 92' lang='lat' dir='ltr'><strong>iam</strong></span> <span class='ocrx_word' id='word_1_46' title='bbox 970 881 1077 946; x_wconf 88' lang='lat' dir='ltr'><strong>Plauti</strong></span> <span class='ocrx_word' id='word_1_47' title='bbox 1102 890 1205 945; x_wconf 86' lang='lat' dir='ltr'><strong>aetate</strong></span> <span class='ocrx_word' id='word_1_48' title='bbox 1226 881 1301 969; x_wconf 88' lang='lat' dir='ltr'><strong>plus</strong></span> 
     </span>
     <span class='ocr_line' id='line_1_7' title="bbox 206 989 1261 1059; baseline -0.002 -1"><span class='ocrx_word' id='word_1_49' title='bbox 206 993 308 1058; x_wconf 89' lang='lat' dir='ltr'><strong>semel</strong></span> <span class='ocrx_word' id='word_1_50' title='bbox 335 1002 439 1057; x_wconf 89' lang='lat' dir='ltr'><strong>actam</strong></span> <span class='ocrx_word' id='word_1_51' title='bbox 463 1016 533 1058; x_wconf 90' lang='lat' dir='ltr'><strong>esse</strong></span> <span class='ocrx_word' id='word_1_52' title='bbox 555 1016 596 1059; x_wconf 85' lang='lat' dir='ltr'><strong>ex</strong></span> <span class='ocrx_word' id='word_1_53' title='bbox 618 995 766 1059; x_wconf 88' lang='lat' dir='ltr'><strong>versibus</strong></span> <span class='ocrx_word' id='word_1_54' title='bbox 788 1003 912 1059; x_wconf 84' lang='lat' dir='ltr'><strong>constat</strong></span> <span class='ocrx_word' id='word_1_55' title='bbox 934 993 1055 1058; x_wconf 89' lang='lat' dir='ltr'><strong>Bacch.</strong></span> <span class='ocrx_word' id='word_1_56' title='bbox 1076 989 1261 1056; x_wconf 74' lang='lat'>214-215:</span> 
     </span>
     <span class='ocr_line' id='line_1_8' title="bbox 291 1081 1303 1191; baseline -0.004 -24"><span class='ocrx_word' id='word_1_57' title='bbox 291 1102 398 1167; x_wconf 82' lang='lat' dir='ltr'><strong>Etiam</strong></span> <span class='ocrx_word' id='word_1_58' title='bbox 430 1081 602 1190; x_wconf 63' lang='lat' dir='ltr'><strong>ldpidioum</strong></span> <span class='ocrx_word' id='word_1_59' title='bbox 637 1129 732 1191; x_wconf 87' lang='lat' dir='ltr'><strong>quam</strong></span> <span class='ocrx_word' id='word_1_60' title='bbox 769 1126 831 1189; x_wconf 87' lang='lat' dir='ltr'><strong>ego</strong></span> <span class='ocrx_word' id='word_1_61' title='bbox 865 1104 1007 1168; x_wconf 74' lang='lat' dir='ltr'><strong>fabulam</strong></span> <span class='ocrx_word' id='word_1_62' title='bbox 1042 1123 1144 1189; x_wconf 88' lang='lat' dir='ltr'><strong>aeque</strong></span> <span class='ocrx_word' id='word_1_63' title='bbox 1179 1123 1216 1164; x_wconf 88' lang='lat' dir='ltr'><strong>ac</strong></span> <span class='ocrx_word' id='word_1_64' title='bbox 1252 1121 1303 1165; x_wconf 89' lang='lat' dir='ltr'><strong>me</strong></span> 
     </span>
     <span class='ocr_line' id='line_1_9' title="bbox 1050 1213 1262 1297; baseline 0 -24"><span class='ocrx_word' id='word_1_65' title='bbox 1050 1213 1156 1297; x_wconf 82' lang='lat' dir='ltr'><strong>ipsum</strong></span> <span class='ocrx_word' id='word_1_66' title='bbox 1178 1233 1262 1292; x_wconf 88' lang='lat' dir='ltr'><strong>amo,</strong></span> 
     </span>
     <span class='ocr_line' id='line_1_10' title="bbox 288 1321 1117 1411; baseline 0 -25"><span class='ocrx_word' id='word_1_67' title='bbox 288 1321 421 1386; x_wconf 84' lang='lat' dir='ltr'><strong>Nullam</strong></span> <span class='ocrx_word' id='word_1_68' title='bbox 444 1324 546 1406; x_wconf 75' lang='lat' dir='ltr'><strong>adque</strong></span> <span class='ocrx_word' id='word_1_69' title='bbox 567 1322 689 1387; x_wconf 89' lang='lat' dir='ltr'><strong>invitus</strong></span> <span class='ocrx_word' id='word_1_70' title='bbox 711 1325 834 1411; x_wconf 76' lang='lat' dir='ltr'><strong>specto,</strong></span> <span class='ocrx_word' id='word_1_71' title='bbox 857 1322 884 1386; x_wconf 88' lang='lat' dir='ltr'><strong>si</strong></span> <span class='ocrx_word' id='word_1_72' title='bbox 907 1321 976 1405; x_wconf 84' lang='lat' dir='ltr'><strong>agit</strong></span> <span class='ocrx_word' id='word_1_73' title='bbox 997 1321 1117 1404; x_wconf 79' lang='lat' dir='ltr'><strong>Pollio,</strong></span> 
     </span>
     <span class='ocr_line' id='line_1_11' title="bbox 205 1429 1301 1518; baseline -0.002 -24"><span class='ocrx_word' id='word_1_74' title='bbox 205 1431 251 1495; x_wconf 86' lang='lat' dir='ltr'><strong>sic</strong></span> <span class='ocrx_word' id='word_1_75' title='bbox 271 1453 341 1495; x_wconf 89' lang='lat' dir='ltr'><strong>eam</strong></span> <span class='ocrx_word' id='word_1_76' title='bbox 366 1431 464 1495; x_wconf 87' lang='lat' dir='ltr'><strong>etiam</strong></span> <span class='ocrx_word' id='word_1_77' title='bbox 485 1431 576 1518; x_wconf 88' lang='lat' dir='ltr'><strong>poesi</strong></span> <span class='ocrx_word' id='word_1_78' title='bbox 600 1432 751 1496; x_wconf 89' lang='lat' dir='ltr'><strong>Plautina</strong></span> <span class='ocrx_word' id='word_1_79' title='bbox 774 1442 1003 1518; x_wconf 88' lang='lat' dir='ltr'><strong>postmortem</strong></span> <span class='ocrx_word' id='word_1_80' title='bbox 1028 1430 1166 1495; x_wconf 89' lang='lat' dir='ltr'><strong>auctoris</strong></span> <span class='ocrx_word' id='word_1_81' title='bbox 1184 1429 1217 1495; x_wconf 89' lang='lat' dir='ltr'><strong>in</strong></span> <span class='ocrx_word' id='word_1_82' title='bbox 1235 1451 1301 1493; x_wconf 86' lang='lat' dir='ltr'><strong>see·</strong></span> 
     </span>
     <span class='ocr_line' id='line_1_12' title="bbox 207 1541 1301 1630; baseline -0.003 -25"><span class='ocrx_word' id='word_1_83' title='bbox 207 1563 279 1605; x_wconf 91' lang='lat' dir='ltr'><strong>nam</strong></span> <span class='ocrx_word' id='word_1_84' title='bbox 303 1551 455 1606; x_wconf 85' lang='lat' dir='ltr'><strong>revocata</strong></span> <span class='ocrx_word' id='word_1_85' title='bbox 467 1541 494 1626; x_wconf 69' lang='lat' dir='ltr'><strong>l)</strong></span> <span class='ocrx_word' id='word_1_86' title='bbox 518 1565 583 1606; x_wconf 91' lang='lat' dir='ltr'><strong>non</strong></span> <span class='ocrx_word' id='word_1_87' title='bbox 606 1542 675 1608; x_wconf 85' lang='lat' dir='ltr'><strong>sine</strong></span> <span class='ocrx_word' id='word_1_88' title='bbox 689 1543 866 1626; x_wconf 80' lang='lat' dir='ltr'><strong>Quiritium</strong></span> <span class='ocrx_word' id='word_1_89' title='bbox 892 1543 1007 1630; x_wconf 90' lang='lat' dir='ltr'><strong>plausu</strong></span> <span class='ocrx_word' id='word_1_90' title='bbox 1028 1549 1207 1629; x_wconf 85' lang='lat' dir='ltr'><strong>spectatam</strong></span> <span class='ocrx_word' id='word_1_91' title='bbox 1229 1560 1301 1602; x_wconf 88' lang='lat' dir='ltr'><strong>esse</strong></span> 
     </span>
     <span class='ocr_line' id='line_1_13' title="bbox 206 1649 1300 1737; baseline 0.002 -26"><span class='ocrx_word' id='word_1_92' title='bbox 206 1650 383 1715; x_wconf 88' lang='lat' dir='ltr'><strong>verisimile</strong></span> <span class='ocrx_word' id='word_1_93' title='bbox 406 1660 464 1716; x_wconf 88' lang='lat' dir='ltr'><strong>est.</strong></span> <span class='ocrx_word' id='word_1_94' title='bbox 502 1650 600 1730; x_wconf 84' lang='lat' dir='ltr'><strong>Quod</strong></span> <span class='ocrx_word' id='word_1_95' title='bbox 623 1650 663 1715; x_wconf 91' lang='lat' dir='ltr'><strong>ad</strong></span> <span class='ocrx_word' id='word_1_96' title='bbox 685 1660 812 1737; x_wconf 85' lang='lat' dir='ltr'><strong>tempus</strong></span> <span class='ocrx_word' id='word_1_97' title='bbox 838 1652 925 1715; x_wconf 90' lang='lat' dir='ltr'><strong>haud</strong></span> <span class='ocrx_word' id='word_1_98' title='bbox 951 1649 1047 1715; x_wconf 84' lang='lat' dir='ltr'><strong>dubie</strong></span> <span class='ocrx_word' id='word_1_99' title='bbox 1064 1649 1161 1713; x_wconf 88' lang='lat' dir='ltr'><strong>etiam</strong></span> <span class='ocrx_word' id='word_1_100' title='bbox 1182 1670 1300 1713; x_wconf 87' lang='lat' dir='ltr'><strong>memo·</strong></span> 
     </span>
     <span class='ocr_line' id='line_1_14' title="bbox 205 1757 1304 1848; baseline -0.003 -25"><span class='ocrx_word' id='word_1_101' title='bbox 205 1759 308 1824; x_wconf 85' lang='lat' dir='ltr'><strong>rabile</strong></span> <span class='ocrx_word' id='word_1_102' title='bbox 331 1759 418 1824; x_wconf 91' lang='lat' dir='ltr'><strong>illud</strong></span> <span class='ocrx_word' id='word_1_103' title='bbox 432 1759 693 1847; x_wconf 83' lang='lat' dir='ltr'><strong>interpolationis</strong></span> <span class='ocrx_word' id='word_1_104' title='bbox 710 1761 898 1848; x_wconf 85' lang='lat' dir='ltr'><strong>exemplum</strong></span> <span class='ocrx_word' id='word_1_105' title='bbox 915 1759 1124 1824; x_wconf 85' lang='lat' dir='ltr'><strong>referendum</strong></span> <span class='ocrx_word' id='word_1_106' title='bbox 1142 1769 1200 1840; x_wconf 86' lang='lat' dir='ltr'><strong>est,</strong></span> <span class='ocrx_word' id='word_1_107' title='bbox 1217 1757 1304 1842; x_wconf 92' lang='lat' dir='ltr'><strong>quod</strong></span> 
     </span>
     <span class='ocr_line' id='line_1_15' title="bbox 211 1866 1305 1953; baseline -0.002 -22"><span class='ocrx_word' id='word_1_108' title='bbox 211 1888 316 1953; x_wconf 90' lang='lat' dir='ltr'><strong>nuper</strong></span> <span class='ocrx_word' id='word_1_109' title='bbox 338 1866 433 1931; x_wconf 89' lang='lat' dir='ltr'><strong>huius</strong></span> <span class='ocrx_word' id='word_1_110' title='bbox 455 1868 583 1932; x_wconf 86' lang='lat' dir='ltr'><strong>fabulae</strong></span> <span class='ocrx_word' id='word_1_111' title='bbox 603 1868 648 1950; x_wconf 89' lang='lat' dir='ltr'><strong>II,</strong></span> <span class='ocrx_word' id='word_1_112' title='bbox 671 1868 701 1952; x_wconf 76' lang='lat'><strong>2,</strong></span> <span class='ocrx_word' id='word_1_113' title='bbox 723 1891 754 1934; x_wconf 91' lang='lat' dir='ltr'><strong>v.</strong></span> <span class='ocrx_word' id='word_1_114' title='bbox 769 1869 893 1933; x_wconf 74' lang='lat'>45-51</span> <span class='ocrx_word' id='word_1_115' title='bbox 919 1867 1043 1932; x_wconf 84' lang='lat' dir='ltr'><strong>detexit</strong></span> <span class='ocrx_word' id='word_1_116' title='bbox 1069 1867 1305 1951; x_wconf 78' lang='lat' dir='ltr'><strong>Wagnerus⁶)‚</strong></span> 
     </span>
     <span class='ocr_line' id='line_1_16' title="bbox 208 1975 1305 2063; baseline -0.002 -23"><span class='ocrx_word' id='word_1_117' title='bbox 208 1976 360 2061; x_wconf 88' lang='lat' dir='ltr'><strong>quoniam</strong></span> <span class='ocrx_word' id='word_1_118' title='bbox 385 1998 556 2056; x_wconf 63' lang='lat' dir='ltr'><strong>versuum,x</strong></span> <span class='ocrx_word' id='word_1_119' title='bbox 575 2000 655 2063; x_wconf 88' lang='lat' dir='ltr'><strong>quos</strong></span> <span class='ocrx_word' id='word_1_120' title='bbox 678 1986 713 2041; x_wconf 91' lang='lat' dir='ltr'><strong>ut</strong></span> <span class='ocrx_word' id='word_1_121' title='bbox 736 1999 801 2042; x_wconf 92' lang='lat' dir='ltr'><strong>non</strong></span> <span class='ocrx_word' id='word_1_122' title='bbox 813 1976 982 2041; x_wconf 87' lang='lat' dir='ltr'><strong>Plautinos</strong></span> <span class='ocrx_word' id='word_1_123' title='bbox 995 1985 1085 2040; x_wconf 87' lang='lat' dir='ltr'><strong>recte</strong></span> <span class='ocrx_word' id='word_1_124' title='bbox 1101 1975 1305 2057; x_wconf 89' lang='lat' dir='ltr'><strong>condemnat,</strong></span> 
     </span>
    </p>
   </div>
   <div class='ocr_carea' id='block_1_3' title="bbox 208 2083 1304 2387">
    <p class='ocr_par' dir='ltr' id='par_1_3' title="bbox 208 2083 1304 2387">
     <span class='ocr_line' id='line_1_17' title="bbox 208 2083 951 2167; baseline 0.001 -19"><span class='ocrx_word' id='word_1_125' title='bbox 208 2083 338 2149; x_wconf 87' lang='lat' dir='ltr'><strong>tertium</strong></span> <span class='ocrx_word' id='word_1_126' title='bbox 363 2084 469 2149; x_wconf 89' lang='lat' dir='ltr'><strong>Varro</strong></span> <span class='ocrx_word' id='word_1_127' title='bbox 492 2084 611 2167; x_wconf 90' lang='lat' dir='ltr'><strong>laudat,</strong></span> <span class='ocrx_word' id='word_1_128' title='bbox 633 2085 672 2149; x_wconf 90' lang='lat' dir='ltr'><strong>de</strong></span> <span class='ocrx_word' id='word_1_129' title='bbox 694 2085 732 2150; x_wconf 89' lang='lat' dir='ltr'><strong>L.</strong></span> <span class='ocrx_word' id='word_1_130' title='bbox 755 2085 792 2150; x_wconf 92' lang='lat' dir='ltr'><strong>L.</strong></span> <span class='ocrx_word' id='word_1_131' title='bbox 818 2085 859 2166; x_wconf 87' lang='lat' dir='ltr'><strong>V,</strong></span> <span class='ocrx_word' id='word_1_132' title='bbox 881 2086 951 2149; x_wconf 85' lang='lat'>131.</span> 
     </span>
     <span class='ocr_line' id='line_1_18' title="bbox 291 2191 1304 2258; baseline -0.002 -3"><span class='ocrx_word' id='word_1_133' title='bbox 291 2191 360 2256; x_wconf 90' lang='lat' dir='ltr'><strong>Iam</strong></span> <span class='ocrx_word' id='word_1_134' title='bbox 384 2191 408 2256; x_wconf 89' lang='lat' dir='ltr'><strong>si</strong></span> <span class='ocrx_word' id='word_1_135' title='bbox 432 2214 536 2256; x_wconf 89' lang='lat' dir='ltr'><strong>meam</strong></span> <span class='ocrx_word' id='word_1_136' title='bbox 564 2191 604 2256; x_wconf 90' lang='lat' dir='ltr'><strong>de</strong></span> <span class='ocrx_word' id='word_1_137' title='bbox 632 2215 660 2258; x_wconf 92' lang='lat' dir='ltr'><strong>v.</strong></span> <span class='ocrx_word' id='word_1_138' title='bbox 681 2193 808 2256; x_wconf 79' lang='lat'><strong>33-34</strong></span> <span class='ocrx_word' id='word_1_139' title='bbox 833 2215 850 2257; x_wconf 88' lang='lat' dir='ltr'><strong>c</strong></span> <span class='ocrx_word' id='word_1_140' title='bbox 873 2202 965 2256; x_wconf 84' lang='lat' dir='ltr'><strong>textu</strong></span> <span class='ocrx_word' id='word_1_141' title='bbox 994 2191 1201 2256; x_wconf 90' lang='lat' dir='ltr'><strong>removendis</strong></span> <span class='ocrx_word' id='word_1_142' title='bbox 1232 2210 1304 2255; x_wconf 88' lang='lat' dir='ltr'><strong>sen·</strong></span> 
     </span>
     <span class='ocr_line' id='line_1_19' title="bbox 208 2299 1302 2387; baseline 0 -24"><span class='ocrx_word' id='word_1_143' title='bbox 208 2300 342 2364; x_wconf 88' lang='lat' dir='ltr'><strong>tentiam</strong></span> <span class='ocrx_word' id='word_1_144' title='bbox 376 2301 504 2365; x_wconf 87' lang='lat' dir='ltr'><strong>idoneis</strong></span> <span class='ocrx_word' id='word_1_145' title='bbox 525 2301 726 2386; x_wconf 84' lang='lat' dir='ltr'><strong>argumentis</strong></span> <span class='ocrx_word' id='word_1_146' title='bbox 749 2301 806 2365; x_wconf 89' lang='lat' dir='ltr'><strong>niti</strong></span> <span class='ocrx_word' id='word_1_147' title='bbox 829 2299 1048 2387; x_wconf 82' lang='lat' dir='ltr'><strong>probaverim,</strong></span> <span class='ocrx_word' id='word_1_148' title='bbox 1079 2300 1141 2364; x_wconf 92' lang='lat' dir='ltr'><strong>hoc</strong></span> <span class='ocrx_word' id='word_1_149' title='bbox 1163 2301 1302 2364; x_wconf 88' lang='lat' dir='ltr'><strong>alterum</strong></span> 
     </span>
    </p>
   </div>
   <div class='ocr_carea' id='block_1_4' title="bbox 208 2408 1307 2802">
    <p class='ocr_par' dir='ltr' id='par_1_4' title="bbox 208 2408 1307 2802">
     <span class='ocr_line' id='line_1_20' title="bbox 210 2408 1302 2498; baseline 0 -26"><span class='ocrx_word' id='word_1_150' title='bbox 210 2409 315 2475; x_wconf 86' lang='lat' dir='ltr'><strong>estin</strong></span> <span class='ocrx_word' id='word_1_151' title='bbox 341 2409 402 2474; x_wconf 91' lang='lat' dir='ltr'><strong>hac</strong></span> <span class='ocrx_word' id='word_1_152' title='bbox 426 2432 522 2474; x_wconf 88' lang='lat' dir='ltr'><strong>scena</strong></span> <span class='ocrx_word' id='word_1_153' title='bbox 546 2411 693 2498; x_wconf 88' lang='lat' dir='ltr'><strong>quamvis</strong></span> <span class='ocrx_word' id='word_1_154' title='bbox 718 2433 783 2475; x_wconf 90' lang='lat' dir='ltr'><strong>non</strong></span> <span class='ocrx_word' id='word_1_155' title='bbox 803 2409 950 2474; x_wconf 88' lang='lat' dir='ltr'><strong>eiusdem</strong></span> <span class='ocrx_word' id='word_1_156' title='bbox 972 2409 1092 2496; x_wconf 88' lang='lat' dir='ltr'><strong>speciei</strong></span> <span class='ocrx_word' id='word_1_157' title='bbox 1125 2408 1302 2494; x_wconf 88' lang='lat' dir='ltr'><strong>interpola·</strong></span> 
     </span>
     <span class='ocr_line' id='line_1_21' title="bbox 208 2519 834 2606; baseline 0.005 -24"><span class='ocrx_word' id='word_1_158' title='bbox 208 2519 303 2584; x_wconf 82' lang='lat' dir='ltr'><strong>tionis</strong></span> <span class='ocrx_word' id='word_1_159' title='bbox 326 2521 524 2606; x_wconf 87' lang='lat' dir='ltr'><strong>exemplum,</strong></span> <span class='ocrx_word' id='word_1_160' title='bbox 549 2520 701 2604; x_wconf 88' lang='lat' dir='ltr'><strong>quoniam</strong></span> <span class='ocrx_word' id='word_1_161' title='bbox 723 2543 753 2585; x_wconf 90' lang='lat' dir='ltr'><strong>v.</strong></span> <span class='ocrx_word' id='word_1_162' title='bbox 779 2520 834 2585; x_wconf 75' lang='lat'><strong>17:</strong></span> 
     </span>
     <span class='ocr_line' id='line_1_22' title="bbox 307 2627 1307 2717; baseline -0.002 -23"><span class='ocrx_word' id='word_1_163' title='bbox 307 2627 457 2696; x_wconf 81' lang='lat' dir='ltr'><strong>lienibus</strong></span> <span class='ocrx_word' id='word_1_164' title='bbox 489 2629 538 2694; x_wconf 88' lang='lat' dir='ltr'><strong>his</strong></span> <span class='ocrx_word' id='word_1_165' title='bbox 571 2629 784 2712; x_wconf 76' lang='lat' dir='ltr'><strong>dinumerari,</strong></span> <span class='ocrx_word' id='word_1_166' title='bbox 820 2640 913 2717; x_wconf 89' lang='lat' dir='ltr'><strong>pater</strong></span> <span class='ocrx_word' id='word_1_167' title='bbox 946 2652 1037 2694; x_wconf 88' lang='lat' dir='ltr'><strong>suam</strong></span> <span class='ocrx_word' id='word_1_168' title='bbox 1070 2637 1178 2692; x_wconf 87' lang='lat' dir='ltr'><strong>natam</strong></span> <span class='ocrx_word' id='word_1_169' title='bbox 1210 2649 1307 2711; x_wconf 90' lang='lat' dir='ltr'><strong>quam</strong></span> 
     </span>
     <span class='ocr_line' id='line_1_23' title="bbox 1070 2736 1267 2802; baseline -0.005 -1"><span class='ocrx_word' id='word_1_170' title='bbox 1070 2759 1141 2802; x_wconf 84' lang='lat' dir='ltr'><strong>csse</strong></span> <span class='ocrx_word' id='word_1_171' title='bbox 1163 2736 1267 2801; x_wconf 87' lang='lat' dir='ltr'><strong>credit</strong></span> 
     </span>
    </p>
   </div>
   <div class='ocr_carea' id='block_1_5' title="bbox 208 2845 1309 3668">
    <p class='ocr_par' dir='ltr' id='par_1_5' title="bbox 212 2845 1305 2913">
     <span class='ocr_line' id='line_1_24' title="bbox 212 2845 1305 2913; baseline -0.001 -4"><span class='ocrx_word' id='word_1_172' title='bbox 212 2868 278 2911; x_wconf 90' lang='lat' dir='ltr'><strong>non</strong></span> <span class='ocrx_word' id='word_1_173' title='bbox 299 2845 484 2910; x_wconf 85' lang='lat' dir='ltr'><strong>Plautinum</strong></span> <span class='ocrx_word' id='word_1_174' title='bbox 509 2868 580 2912; x_wconf 88' lang='lat' dir='ltr'><strong>esse</strong></span> <span class='ocrx_word' id='word_1_175' title='bbox 612 2849 668 2912; x_wconf 82' lang='lat' dir='ltr'><strong>sed</strong></span> <span class='ocrx_word' id='word_1_176' title='bbox 694 2848 803 2912; x_wconf 90' lang='lat' dir='ltr'><strong>librari</strong></span> <span class='ocrx_word' id='word_1_177' title='bbox 827 2848 964 2913; x_wconf 89' lang='lat' dir='ltr'><strong>alicuius</strong></span> <span class='ocrx_word' id='word_1_178' title='bbox 986 2847 1242 2912; x_wconf 88' lang='lat' dir='ltr'><strong>additamentum</strong></span> <span class='ocrx_word' id='word_1_179' title='bbox 1263 2866 1305 2909; x_wconf 85' lang='lat' dir='ltr'><strong>ex</strong></span> 
     </span>
    </p>

    <p class='ocr_par' dir='ltr' id='par_1_6' title="bbox 211 2955 1307 3042">
     <span class='ocr_line' id='line_1_25' title="bbox 211 2955 1307 3042; baseline 0 -24"><span class='ocrx_word' id='word_1_180' title='bbox 211 2956 363 3042; x_wconf 81' lang='lat' dir='ltr'><strong>exemplo</strong></span> <span class='ocrx_word' id='word_1_181' title='bbox 388 2978 441 3018; x_wconf 90' lang='lat' dir='ltr'><strong>vv.</strong></span> <span class='ocrx_word' id='word_1_182' title='bbox 458 2956 583 3019; x_wconf 79' lang='lat'>31-32</span> <span class='ocrx_word' id='word_1_183' title='bbox 606 2957 788 3020; x_wconf 85' lang='lat' dir='ltr'><strong>confectum</strong></span> <span class='ocrx_word' id='word_1_184' title='bbox 810 2957 863 3021; x_wconf 91' lang='lat' dir='ltr'><strong>diu</strong></span> <span class='ocrx_word' id='word_1_185' title='bbox 890 2957 972 3022; x_wconf 90' lang='lat' dir='ltr'><strong>vidit</strong></span> <span class='ocrx_word' id='word_1_186' title='bbox 993 2955 1202 3038; x_wconf 88' lang='lat' dir='ltr'><strong>Ritsohelius‚</strong></span> <span class='ocrx_word' id='word_1_187' title='bbox 1224 2955 1307 3042; x_wconf 89' lang='lat' dir='ltr'><strong>prol.</strong></span> 
     </span>
    </p>

    <p class='ocr_par' dir='ltr' id='par_1_7' title="bbox 208 3065 1309 3154">
     <span class='ocr_line' id='line_1_26' title="bbox 208 3065 1309 3154; baseline 0.001 -26"><span class='ocrx_word' id='word_1_188' title='bbox 208 3065 244 3131; x_wconf 92' lang='lat' dir='ltr'><strong>in</strong></span> <span class='ocrx_word' id='word_1_189' title='bbox 259 3067 364 3133; x_wconf 90' lang='lat' dir='ltr'><strong>Plaut.</strong></span> <span class='ocrx_word' id='word_1_190' title='bbox 379 3091 410 3154; x_wconf 93' lang='lat' dir='ltr'><strong>p.</strong></span> <span class='ocrx_word' id='word_1_191' title='bbox 425 3066 494 3130; x_wconf 71' lang='lat'><strong>156.</strong></span> <span class='ocrx_word' id='word_1_192' title='bbox 526 3065 573 3133; x_wconf 90' lang='lat' dir='ltr'><strong>Ut</strong></span> <span class='ocrx_word' id='word_1_193' title='bbox 592 3067 667 3131; x_wconf 92' lang='lat' dir='ltr'><strong>hinc</strong></span> <span class='ocrx_word' id='word_1_194' title='bbox 690 3067 882 3153; x_wconf 82' lang='lat' dir='ltr'><strong>gravissima</strong></span> <span class='ocrx_word' id='word_1_195' title='bbox 907 3067 1072 3132; x_wconf 89' lang='lat' dir='ltr'><strong>exoriatur</strong></span> <span class='ocrx_word' id='word_1_196' title='bbox 1094 3075 1205 3131; x_wconf 88' lang='lat' dir='ltr'><strong>contra</strong></span> <span class='ocrx_word' id='word_1_197' title='bbox 1226 3089 1255 3130; x_wconf 92' lang='lat' dir='ltr'><strong>v.</strong></span> <span class='ocrx_word' id='word_1_198' title='bbox 1267 3065 1309 3129; x_wconf 72' lang='lat'><strong>30</strong></span> 
     </span>
    </p>

    <p class='ocr_par' dir='ltr' id='par_1_8' title="bbox 208 3175 1306 3370">
     <span class='ocr_line' id='line_1_27' title="bbox 209 3175 1306 3264; baseline -0.001 -25"><span class='ocrx_word' id='word_1_199' title='bbox 209 3175 357 3264; x_wconf 81' lang='lat' dir='ltr'><strong>suspitio,</strong></span> <span class='ocrx_word' id='word_1_200' title='bbox 388 3175 421 3264; x_wconf 80' lang='lat' dir='ltr'><strong>in</strong></span> <span class='ocrx_word' id='word_1_201' title='bbox 453 3198 516 3261; x_wconf 91' lang='lat' dir='ltr'><strong>quo</strong></span> <span class='ocrx_word' id='word_1_202' title='bbox 541 3199 606 3240; x_wconf 90' lang='lat' dir='ltr'><strong>non</strong></span> <span class='ocrx_word' id='word_1_203' title='bbox 638 3176 811 3240; x_wconf 88' lang='lat' dir='ltr'><strong>mediocris</strong></span> <span class='ocrx_word' id='word_1_204' title='bbox 844 3176 884 3240; x_wconf 88' lang='lat' dir='ltr'><strong>sit</strong></span> <span class='ocrx_word' id='word_1_205' title='bbox 913 3176 1060 3241; x_wconf 87' lang='lat' dir='ltr'><strong>offensio.</strong></span> <span class='ocrx_word' id='word_1_206' title='bbox 1106 3175 1197 3240; x_wconf 85' lang='lat' dir='ltr'><strong>Dicit</strong></span> <span class='ocrx_word' id='word_1_207' title='bbox 1221 3175 1306 3239; x_wconf 89' lang='lat' dir='ltr'><strong>enim</strong></span> 
     </span>
     <span class='ocr_line' id='line_1_28' title="bbox 208 3283 386 3370; baseline -0.011 -20"><span class='ocrx_word' id='word_1_208' title='bbox 208 3283 386 3370; x_wconf 81' lang='lat' dir='ltr'><strong>Epidicus:</strong></span> 
     </span>
    </p>

    <p class='ocr_par' dir='ltr' id='par_1_9' title="bbox 723 3386 1308 3471">
     <span class='ocr_line' id='line_1_29' title="bbox 723 3386 1308 3471; baseline 0 -21"><span class='ocrx_word' id='word_1_209' title='bbox 723 3408 795 3450; x_wconf 92' lang='lat' dir='ltr'><strong>eum</strong></span> <span class='ocrx_word' id='word_1_210' title='bbox 819 3392 879 3468; x_wconf 77' lang='lat' dir='ltr'><strong>(sc.</strong></span> <span class='ocrx_word' id='word_1_211' title='bbox 903 3387 1072 3470; x_wconf 89' lang='lat' dir='ltr'><strong>lenonem)</strong></span> <span class='ocrx_word' id='word_1_212' title='bbox 1094 3408 1157 3471; x_wconf 87' lang='lat' dir='ltr'><strong>ego</strong></span> <span class='ocrx_word' id='word_1_213' title='bbox 1181 3386 1308 3450; x_wconf 80' lang='lat' dir='ltr'><strong>docebo</strong></span> 
     </span>
    </p>

    <p class='ocr_par' dir='ltr' id='par_1_10' title="bbox 293 3492 1308 3580">
     <span class='ocr_line' id='line_1_30' title="bbox 293 3492 1308 3580; baseline -0.003 -19"><span class='ocrx_word' id='word_1_214' title='bbox 293 3492 329 3561; x_wconf 87' lang='lat' dir='ltr'><strong>Si</strong></span> <span class='ocrx_word' id='word_1_215' title='bbox 362 3494 416 3579; x_wconf 91' lang='lat' dir='ltr'><strong>qui</strong></span> <span class='ocrx_word' id='word_1_216' title='bbox 445 3496 484 3559; x_wconf 74' lang='lat' dir='ltr'><strong>ad</strong></span> <span class='ocrx_word' id='word_1_217' title='bbox 517 3516 591 3558; x_wconf 92' lang='lat' dir='ltr'><strong>eum</strong></span> <span class='ocrx_word' id='word_1_218' title='bbox 612 3494 799 3580; x_wconf 80' lang='lat' dir='ltr'><strong>adveniant,</strong></span> <span class='ocrx_word' id='word_1_219' title='bbox 823 3498 856 3559; x_wconf 79' lang='lat' dir='ltr'><strong>ut</strong></span> <span class='ocrx_word' id='word_1_220' title='bbox 878 3495 939 3563; x_wconf 88' lang='lat' dir='ltr'><strong>sibi</strong></span> <span class='ocrx_word' id='word_1_221' title='bbox 964 3496 1073 3560; x_wconf 87' lang='lat' dir='ltr'><strong>datum</strong></span> <span class='ocrx_word' id='word_1_222' title='bbox 1097 3497 1168 3560; x_wconf 74' lang='lat' dir='ltr'><strong>esse</strong></span> <span class='ocrx_word' id='word_1_223' title='bbox 1190 3516 1308 3580; x_wconf 85' lang='lat' dir='ltr'><strong>argen-</strong></span> 
     </span>
    </p>

    <p class='ocr_par' dir='ltr' id='par_1_11' title="bbox 1082 3602 1268 3668">
     <span class='ocr_line' id='line_1_31' title="bbox 1082 3602 1268 3668; baseline 0 -1"><span class='ocrx_word' id='word_1_224' title='bbox 1082 3613 1150 3668; x_wconf 90' lang='lat' dir='ltr'><strong>tum</strong></span> <span class='ocrx_word' id='word_1_225' title='bbox 1173 3602 1268 3667; x_wconf 83' lang='lat' dir='ltr'><strong>dicat.</strong></span> 
     </span>
    </p>
   </div>
   <div class='ocr_carea' id='block_1_6' title="bbox 214 3709 393 3716">
    <p class='ocr_par' dir='ltr' id='par_1_12' title="bbox 214 3709 393 3716">
     <span class='ocr_line' id='line_1_32' title="bbox 214 3709 393 3716; baseline -0.006 -1"><span class='ocrx_word' id='word_1_226' title='bbox 214 3709 393 3716; x_wconf 48' lang='grc' dir='ltr'><strong>-α-κ..</strong></span> 
     </span>
    </p>
   </div>
   <div class='ocr_carea' id='block_1_7' title="bbox 208 3772 1313 4231">
    <p class='ocr_par' dir='ltr' id='par_1_13' title="bbox 208 3772 1313 4020">
     <span class='ocr_line' id='line_1_33' title="bbox 282 3772 1312 3844; baseline 0.002 -20"><span class='ocrx_word' id='word_1_227' title='bbox 282 3773 309 3841; x_wconf 80' lang='grc'><strong>4)</strong></span> <span class='ocrx_word' id='word_1_228' title='bbox 328 3773 360 3826; x_wconf 90' lang='lat' dir='ltr'><strong>In</strong></span> <span class='ocrx_word' id='word_1_229' title='bbox 377 3772 539 3828; x_wconf 84' lang='lat' dir='ltr'><strong>universum</strong></span> <span class='ocrx_word' id='word_1_230' title='bbox 564 3773 599 3828; x_wconf 86' lang='lat' dir='ltr'><strong>dc</strong></span> <span class='ocrx_word' id='word_1_231' title='bbox 622 3773 676 3828; x_wconf 89' lang='lat' dir='ltr'><strong>hoc</strong></span> <span class='ocrx_word' id='word_1_232' title='bbox 700 3773 879 3843; x_wconf 87' lang='lat' dir='ltr'><strong>corruptelae</strong></span> <span class='ocrx_word' id='word_1_233' title='bbox 904 3791 1007 3844; x_wconf 80' lang='lat' dir='ltr'><strong>genere</strong></span> <span class='ocrx_word' id='word_1_234' title='bbox 1027 3773 1061 3827; x_wconf 85' lang='lat' dir='ltr'><strong>of.</strong></span> <span class='ocrx_word' id='word_1_235' title='bbox 1078 3773 1214 3827; x_wconf 87' lang='lat' dir='ltr'><strong>Ritscheli</strong></span> <span class='ocrx_word' id='word_1_236' title='bbox 1236 3791 1312 3828; x_wconf 90' lang='lat' dir='ltr'><strong>eom·</strong></span> 
     </span>
     <span class='ocr_line' id='line_1_34' title="bbox 208 3854 1313 3939; baseline 0 -17"><span class='ocrx_word' id='word_1_237' title='bbox 208 3872 294 3923; x_wconf 85' lang='lat' dir='ltr'><strong>ment.</strong></span> <span class='ocrx_word' id='word_1_238' title='bbox 311 3869 410 3939; x_wconf 90' lang='lat' dir='ltr'><strong>philol.</strong></span> <span class='ocrx_word' id='word_1_239' title='bbox 429 3871 523 3924; x_wconf 89' lang='lat' dir='ltr'><strong>tom.I</strong></span> <span class='ocrx_word' id='word_1_240' title='bbox 543 3871 679 3924; x_wconf 85' lang='lat' dir='ltr'><strong>insertam</strong></span> <span class='ocrx_word' id='word_1_241' title='bbox 701 3854 934 3924; x_wconf 81' lang='lat' dir='ltr'><strong>‘Parallalstellen</strong></span> <span class='ocrx_word' id='word_1_242' title='bbox 952 3870 993 3924; x_wconf 89' lang='lat' dir='ltr'><strong>als</strong></span> <span class='ocrx_word' id='word_1_243' title='bbox 1006 3870 1214 3925; x_wconf 86' lang='lat' dir='ltr'><strong>Ursachenvon</strong></span> <span class='ocrx_word' id='word_1_244' title='bbox 1231 3869 1313 3924; x_wconf 83' lang='lat' dir='ltr'><strong>Glos-</strong></span> 
     </span>
     <span class='ocr_line' id='line_1_35' title="bbox 210 3966 324 4020; baseline 0.018 -2"><span class='ocrx_word' id='word_1_245' title='bbox 210 3966 324 4020; x_wconf 84' lang='lat' dir='ltr'><strong>semcn’.</strong></span> 
     </span>
    </p>

    <p class='ocr_par' dir='ltr' id='par_1_14' title="bbox 284 4061 914 4132">
     <span class='ocr_line' id='line_1_36' title="bbox 284 4061 914 4132; baseline -0.006 -15"><span class='ocrx_word' id='word_1_246' title='bbox 284 4062 311 4131; x_wconf 80' lang='grc'><strong>5)</strong></span> <span class='ocrx_word' id='word_1_247' title='bbox 327 4081 353 4118; x_wconf 89' lang='lat' dir='ltr'><strong>v.</strong></span> <span class='ocrx_word' id='word_1_248' title='bbox 372 4061 510 4117; x_wconf 87' lang='lat' dir='ltr'><strong>Ritscheli</strong></span> <span class='ocrx_word' id='word_1_249' title='bbox 528 4079 640 4132; x_wconf 81' lang='lat' dir='ltr'><strong>parerg.</strong></span> <span class='ocrx_word' id='word_1_250' title='bbox 659 4061 750 4115; x_wconf 88' lang='lat' dir='ltr'><strong>Plaut.</strong></span> <span class='ocrx_word' id='word_1_251' title='bbox 769 4079 796 4131; x_wconf 84' lang='lat' dir='ltr'><strong>p.</strong></span> <span class='ocrx_word' id='word_1_252' title='bbox 812 4063 862 4115; x_wconf 78' lang='lat'><strong>180</strong></span> <span class='ocrx_word' id='word_1_253' title='bbox 873 4077 914 4130; x_wconf 85' lang='lat' dir='ltr'><strong>sq.</strong></span> 
     </span>
    </p>

    <p class='ocr_par' dir='ltr' id='par_1_15' title="bbox 282 4158 1074 4231">
     <span class='ocr_line' id='line_1_37' title="bbox 282 4158 1074 4231; baseline -0.005 -17"><span class='ocrx_word' id='word_1_254' title='bbox 282 4160 310 4229; x_wconf 88' lang='grc'><strong>6)</strong></span> <span class='ocrx_word' id='word_1_255' title='bbox 328 4159 401 4214; x_wconf 88' lang='lat' dir='ltr'><strong>Guil.</strong></span> <span class='ocrx_word' id='word_1_256' title='bbox 423 4159 556 4231; x_wconf 80' lang='lat' dir='ltr'><strong>Wagner,</strong></span> <span class='ocrx_word' id='word_1_257' title='bbox 574 4160 618 4215; x_wconf 87' lang='lat' dir='ltr'><strong>‘de</strong></span> <span class='ocrx_word' id='word_1_258' title='bbox 635 4159 729 4215; x_wconf 87' lang='lat' dir='ltr'><strong>Plauti</strong></span> <span class='ocrx_word' id='word_1_259' title='bbox 746 4158 900 4213; x_wconf 79' lang='lat' dir='ltr'><strong>Aulularia’</strong></span> <span class='ocrx_word' id='word_1_260' title='bbox 921 4176 948 4228; x_wconf 89' lang='lat' dir='ltr'><strong>p.</strong></span> <span class='ocrx_word' id='word_1_261' title='bbox 959 4159 1074 4211; x_wconf 80' lang='lat'><strong>32-34.</strong></span> 
     </span>
    </p>
   </div>
   <div class='ocr_carea' id='block_1_8' title="bbox 0 0 1414 4830">
    <p class='ocr_par' dir='ltr' id='par_1_16' title="bbox 0 0 1414 4830">
     <span class='ocr_line' id='line_1_38' title="bbox 0 0 1414 4830; baseline 0 0"><span class='ocrx_word' id='word_1_262' title='bbox 0 0 1414 4830; x_wconf 95' lang='lat' dir='ltr'><strong> </strong></span> 
     </span>
    </p>
   </div>
  </div>
 </body>
</html>
