2820 4830
695 267 713 330 7

159 449 288 518 Brixius
313 464 372 536 est,
395 452 524 518 emend.
549 451 653 518 Plaut.
675 475 706 538 p.
724 454 772 534 17,
800 451 854 536 qni
885 453 994 516 locum
1016 451 1063 516 sie
1087 449 1252 516 reconcin-

157 560 301 626 nandum
323 562 464 647 putavit:

239 666 285 733 Ut
308 671 408 752 qudm
432 667 574 733 redisses
591 671 633 733 ne
650 656 793 732 tibi'eins
808 668 903 755 cdpia
918 677 1004 732 esset
1017 717 1024 730 .
1038 719 1045 733 .
1060 667 1126 736 Str.
1141 666 1252 751 Erige!

238 776 299 864 Ep.
336 775 430 863 [Eam
445 778 484 841 tb
507 778 623 840 lenone
641 777 856 863 pradstinaret
872 782 968 861 atque
983 776 1058 840 hine
1071 773 1252 862 amoveret]

239 885 285 950 Ea
309 887 372 950 iam
396 887 514 951 domist
533 909 593 972 pro
619 886 696 950 lilia.
730 886 796 954 Str.
817 884 912 972 llam]
936 889 1041 950 teneo.
1070 885 1130 972 Ep.
1155 884 1252 950 Nune

960 997 1127 1060 auetdrem

155 1100 221 1166 Sed
238 1103 379 1184 Brixius,
402 1103 488 1191 quod
511 1103 801 1171 lacoboaecidisse
823 1104 900 1168 dicit
924 1125 965 1167 ne
987 1103 1058 1190 ipse
1076 1111 1253 1188 pateretur,

156 1236 221 1278 non
253 1215 337 1278 eavit
366 1223 462 1302 atque
494 1215 588 1278 huius
620 1215 683 1279 loci
712 1214 936 1279 condicionem
968 1235 1136 1300 exponens
1171 1213 1253 1276 miro

155 1323 252 1387 modo
278 1323 407 1387 diversa
432 1323 517 1387 inter
538 1347 571 1388 se
594 1324 794 1388 commiscet.
838 1323 982 1388 Necesse
1005 1323 1091 1386 enim
1116 1333 1165 1385 est
1189 1321 1253 1404 hie,

154 1431 209 1495 ubi
241 1453 355 1499 servus
386 1455 499 1496 verum
533 1434 676 1519 loquitur
708 1433 944 1516 consiliumque
976 1455 1069 1496 suum
1103 1432 1254 1518 explieat,

154 1540 244 1603 ‘eiua’
269 1562 450 1628 pronomen
472 1563 501 1604 v.
520 1540 561 1604 20
583 1541 739 1605 adunam
762 1541 941 1605 referamus
962 1562 1149 1627 personam.
1192 1541 1253 1606 Ren

157 1650 208 1713 fer
237 1650 338 1734 igitur
367 1650 507 1736 primum
531 1650 571 1712 ad
594 1651 885 1738 Acropolistidem,
916 1672 1026 1715 veram
1054 1649 1190 1714 amicam
1221 1658 1254 1714 et

157 1782 215 1845 pro
238 1758 306 1822 filia
326 1759 541 1846 suppositam:
565 1782 631 1823 non
655 1761 785 1824 stabunt
806 1782 887 1844 quae
902 1758 1032 1824 Brixius
1048 1758 1254 1846 interposuit,

158 1869 311 1955 quoniam
342 1868 399 1932 illa¹
429 1868 562 1951 triginta
592 1868 687 1932 minis
716 1869 778 1934 iam
810 1878 917 1954 empta
953 1879 1033 1951 erat,
1065 1867 1252 1954 priusquam

157 1976 397 2064 Stratippocles
421 1977 568 2041 Athenas
591 1978 735 2042 revertit.
780 1979 847 2042 Iam
869 2000 946 2041 vero
966 1979 1100 2058 referas,
1121 1977 1254 2064 largior,

156 2089 196 2152 ad
222 2090 309 2153 illarr
325 2089 500 2173 fidicinam,
524 2113 621 2176 quam
644 2100 680 2153 ut
704 2090 792 2153 erilis
812 2089 860 2154 fili
881 2090 1016 2152 amicam
1042 2112 1155 2154 servus
1179 2114 1253 2177 sup·

155 2199 318 2284 positurus
343 2211 401 2282 est,
433 2199 473 2262 do
501 2222 564 2284 qua
594 2208 701 2263 tamen
731 2199 812 2262 nihil
841 2198 916 2262 dnm
946 2222 1020 2262 eum
1045 2199 1255 2263 adolescente

158 2309 427 2373 communicavit:
460 2332 526 2373 non
557 2309 753 2373 convenient
784 2310 899 2373 verba:
936 2307 1000 2373 ‘Eo
1031 2312 1096 2372 iam
1138 2309 1255 2372 domist

157 2444 219 2504 pro
236 2419 333 2504 Jilr‘a’,
366 2421 446 2485 haee
471 2443 545 2484 cum
566 2420 599 2484 in
621 2430 777 2506 sequente
803 2420 933 2484 demum
955 2442 1052 2484 scena
1076 2421 1116 2484 ab
1140 2419 1255 2508 Apoe-

160 2529 231 2592 cide
254 2529 444 2594 adducatur.
491 2529 643 2611 Omnino,
677 2529 704 2594 si
728 2540 801 2617 post
828 2554 859 2592 v.
877 2529 918 2593 20
945 2530 1094 2594 lacunam
1122 2538 1253 2610 statuas,

160 2639 269 2726 inepte
290 2639 406 2724 incipit
435 2639 515 2704 illud
548 2640 645 2726 ‘eope'
678 2639 861 2704 exclamare
887 2638 1133 2726 Stratippocles,
1163 2649 1252 2703 ante·

157 2769 254 2830 quam
276 2770 374 2810 unam
397 2746 498 2833 ipsius
524 2748 588 2811 doli
613 2772 631 2810 a
653 2769 747 2810 servo
772 2746 913 2811 instituti
936 2747 1096 2830 syllabam
1121 2746 1253 2812 audivit.

155 2856 272 2940 Itaque
294 2856 373 2920 mihi
394 2878 525 2943 semper
547 2857 620 2920 lnce
644 2856 762 2920 elarius
784 2856 957 2920 videbatur
982 2856 1117 2919 lacunae
1142 2857 1254 2921 sedem

156 2966 241 3029 inter
267 2989 296 3030 v.
316 2967 354 3030 19
379 2975 411 3030 et
431 2966 473 3029 20
495 2988 576 3047 esse,
598 2964 630 3028 id
655 2965 741 3051 qnod
763 2965 817 3029 diu
840 2965 902 3029 iam
916 2967 1123 3030 observatum
1143 2965 1254 3030 inveni

157 3099 175 3138 a
200 3075 414 3140 Tanbmanno
429 3097 541 3139 eorum
557 3082 676 3157 tamen,
702 3073 755 3160 qui
779 3084 853 3161 post
876 3095 950 3138 eum
970 3074 1056 3138 hunc
1077 3074 1185 3138 locum
1208 3085 1253 3138 at·

158 3185 313 3268 tigerunt,
337 3183 460 3248 nemini
481 3183 602 3266 audito,
624 3183 679 3267 qui
699 3184 812 3248 scribit
834 3184 868 3248 in
888 3183 1112 3248 adnotatione:
1136 3183 1254 3266 ,Ceto-

156 3317 228 3357 rum
250 3293 303 3355 hic
327 3291 479 3378 postilla
502 3291 617 3356 verba:
640 3294 747 3376 ‘atque
770 3277 855 3356 hane
873 3293 970 3358 habui
986 3292 1175 3357 orationem'
1199 3293 1255 3357 ali·

158 3412 236 3486 quot
259 3423 371 3465 versus
394 3400 572 3466 desiderari
597 3401 694 3488 plane
721 3401 910 3472 existimo“;
943 3411 975 3464 et
999 3425 1075 3466 mox
1101 3401 1254 3484 ,omnino

157 3511 258 3598 igitur
281 3519 453 3598 corruptus
480 3511 602 3576 loeus“.
648 3509 809 3592 Quoniam
831 3533 909 3575 vero
940 3531 1022 3595 quae
1051 3510 1254 3576 intercidisse

157 3620 302 3708 putanda
325 3621 399 3702 sint,
430 3620 456 3684 si
479 3640 548 3683 rem
575 3619 677 3703 ipsam
704 3629 843 3706 spectas,
876 3641 917 3683 ex
940 3618 1048 3683 verbis
1080 3617 1176 3683 ‘Nam
1206 3623 1254 3683 ita

157 3733 250 3793 cunei
277 3733 349 3793 seui
376 3744 473 3818 atque
503 3729 585 3793 ldae
609 3730 709 3792 lrabuz'
731 3728 918 3793 oratr'oaem’
953 3729 1168 3795 certissimum
1196 3739 1254 3810 est,

159 3847 194 3902 ut
215 3840 341 3904 facilius
361 3840 431 3904 fieri
456 3839 496 3902 de
519 3839 579 3901 hac
601 3837 796 3902 emendandi
821 3837 947 3902 ratione
962 3837 1117 3902 iudicium
1133 3848 1254 3925 posset,

159 3947 310 4034 exemplo
341 3947 449 4035 aliquo
484 3946 659 4034 genuinam
693 3947 757 4010 loci
780 3947 916 4011 formam
938 3946 1131 4011 adumbrare
1155 3969 1255 4010 eona-

157 4065 208 4120 tus
231 4080 320 4121 sum:

242 4166 326 4232 Nam
350 4166 393 4231 ita
417 4170 504 4233 suast
523 4167 594 4232 seni
618 4177 716 4255 atque
739 4168 822 4232 hanc
844 4166 942 4232 habui
964 4164 1144 4231 orationem
