<?xml version="1.0" encoding="UTF-8"?>
<!DOCTYPE html PUBLIC "-//W3C//DTD XHTML 1.0 Transitional//EN"
    "http://www.w3.org/TR/xhtml1/DTD/xhtml1-transitional.dtd">
<html xmlns="http://www.w3.org/1999/xhtml" xml:lang="en" lang="en">
 <head>
  <title>
</title>
<meta http-equiv="Content-Type" content="text/html;charset=utf-8" />
  <meta name='ocr-system' content='tesseract 3.04.00' />
  <meta name='ocr-capabilities' content='ocr_page ocr_carea ocr_par ocr_line ocrx_word'/>
</head>
<body>
  <div class='ocr_page' id='page_1' title='image "./deplautiepidico01muelgoog_0064.png"; bbox 0 0 2820 4830; ppageno 0'>
   <div class='ocr_carea' id='block_1_1' title="bbox 614 910 794 998">
    <p class='ocr_par' dir='ltr' id='par_1_1' title="bbox 614 910 794 998">
     <span class='ocr_line' id='line_1_1' title="bbox 614 910 794 998; baseline -0.017 0"><span class='ocrx_word' id='word_1_1' title='bbox 614 910 794 998; x_wconf 82' lang='lat' dir='ltr'><strong>Vita.</strong></span> 
     </span>
    </p>
   </div>
   <div class='ocr_carea' id='block_1_2' title="bbox 238 1286 1252 1374">
    <p class='ocr_par' dir='ltr' id='par_1_2' title="bbox 238 1286 1252 1374">
     <span class='ocr_line' id='line_1_2' title="bbox 238 1286 1252 1374; baseline -0.004 -18"><span class='ocrx_word' id='word_1_2' title='bbox 238 1289 421 1356; x_wconf 87' lang='lat' dir='ltr'><strong>Richardus</strong></span> <span class='ocrx_word' id='word_1_3' title='bbox 443 1289 586 1356; x_wconf 80' lang='lat' dir='ltr'>Mueller</span> <span class='ocrx_word' id='word_1_4' title='bbox 613 1298 707 1355; x_wconf 86' lang='lat' dir='ltr'><strong>natus</strong></span> <span class='ocrx_word' id='word_1_5' title='bbox 736 1312 807 1355; x_wconf 89' lang='lat' dir='ltr'><strong>sum</strong></span> <span class='ocrx_word' id='word_1_6' title='bbox 837 1312 866 1353; x_wconf 90' lang='lat' dir='ltr'><strong>a.</strong></span> <span class='ocrx_word' id='word_1_7' title='bbox 890 1289 921 1353; x_wconf 89' lang='lat' dir='ltr'><strong>d.</strong></span> <span class='ocrx_word' id='word_1_8' title='bbox 944 1288 1049 1354; x_wconf 86' lang='lat' dir='ltr'>XVII</span> <span class='ocrx_word' id='word_1_9' title='bbox 1072 1286 1141 1354; x_wconf 79' lang='lat' dir='ltr'><strong>Gal.</strong></span> <span class='ocrx_word' id='word_1_10' title='bbox 1162 1289 1252 1374; x_wconf 83' lang='lat' dir='ltr'><strong>Aug.</strong></span> 
     </span>
    </p>
   </div>
   <div class='ocr_carea' id='block_1_3' title="bbox 154 1395 1356 1493">
    <p class='ocr_par' dir='ltr' id='par_1_3' title="bbox 154 1395 1356 1493">
     <span class='ocr_line' id='line_1_3' title="bbox 154 1395 1356 1493; baseline -0.001 -30"><span class='ocrx_word' id='word_1_11' title='bbox 154 1419 241 1463; x_wconf 85' lang='lat' dir='ltr'><strong>anno</strong></span> <span class='ocrx_word' id='word_1_12' title='bbox 264 1398 296 1462; x_wconf 93' lang='lat' dir='ltr'><strong>h.</strong></span> <span class='ocrx_word' id='word_1_13' title='bbox 322 1421 346 1464; x_wconf 85' lang='lat' dir='ltr'><strong>s.</strong></span> <span class='ocrx_word' id='word_1_14' title='bbox 369 1397 467 1493; x_wconf 84' lang='lat' dir='ltr'>XLII</span> <span class='ocrx_word' id='word_1_15' title='bbox 491 1396 687 1482; x_wconf 82' lang='lat' dir='ltr'><strong>Glogoviae‚</strong></span> <span class='ocrx_word' id='word_1_16' title='bbox 707 1396 740 1459; x_wconf 92' lang='lat' dir='ltr'><strong>in</strong></span> <span class='ocrx_word' id='word_1_17' title='bbox 763 1396 845 1460; x_wconf 93' lang='lat' dir='ltr'><strong>urbe</strong></span> <span class='ocrx_word' id='word_1_18' title='bbox 868 1395 1017 1479; x_wconf 87' lang='lat' dir='ltr'><strong>Silesiae,</strong></span> <span class='ocrx_word' id='word_1_19' title='bbox 1043 1406 1132 1484; x_wconf 92' lang='lat' dir='ltr'><strong>patre</strong></span> <span class='ocrx_word' id='word_1_20' title='bbox 1156 1396 1254 1481; x_wconf 86' lang='lat' dir='ltr'><strong>Iulio,</strong></span> <span class='ocrx_word' id='word_1_21' title='bbox 1355 1467 1356 1470; x_wconf 48' lang='lat'>,</span> 
     </span>
    </p>
   </div>
   <div class='ocr_carea' id='block_1_4' title="bbox 66 1505 1274 2789">
    <p class='ocr_par' dir='ltr' id='par_1_4' title="bbox 66 1505 1274 2789">
     <span class='ocr_line' id='line_1_4' title="bbox 82 1505 1253 1591; baseline 0 -21"><span class='ocrx_word' id='word_1_22' title='bbox 82 1578 85 1583; x_wconf 47' lang='grc'><em>,</em></span> <span class='ocrx_word' id='word_1_23' title='bbox 155 1515 259 1572; x_wconf 90' lang='lat' dir='ltr'><strong>matre</strong></span> <span class='ocrx_word' id='word_1_24' title='bbox 283 1507 385 1574; x_wconf 91' lang='lat' dir='ltr'><strong>Maria</strong></span> <span class='ocrx_word' id='word_1_25' title='bbox 408 1528 425 1572; x_wconf 87' lang='lat' dir='ltr'><strong>o</strong></span> <span class='ocrx_word' id='word_1_26' title='bbox 446 1516 546 1591; x_wconf 86' lang='lat' dir='ltr'><strong>gente</strong></span> <span class='ocrx_word' id='word_1_27' title='bbox 569 1505 727 1589; x_wconf 91' lang='lat' dir='ltr'><strong>Ioacbim,</strong></span> <span class='ocrx_word' id='word_1_28' title='bbox 761 1528 842 1590; x_wconf 92' lang='lat' dir='ltr'><strong>quos</strong></span> <span class='ocrx_word' id='word_1_29' title='bbox 877 1505 984 1570; x_wconf 89' lang='lat' dir='ltr'><strong>adbuc</strong></span> <span class='ocrx_word' id='word_1_30' title='bbox 1014 1505 1126 1571; x_wconf 85' lang='lat' dir='ltr'><strong>vivere</strong></span> <span class='ocrx_word' id='word_1_31' title='bbox 1157 1507 1253 1570; x_wconf 86' lang='lat' dir='ltr'><strong>vehe-</strong></span> 
     </span>
     <span class='ocr_line' id='line_1_5' title="bbox 66 1613 1252 1701; baseline 0.001 -23"><span class='ocrx_word' id='word_1_32' title='bbox 66 1650 71 1657; x_wconf 95' lang='lat'>·</span> <span class='ocrx_word' id='word_1_33' title='bbox 155 1624 282 1679; x_wconf 86' lang='lat' dir='ltr'><strong>menter</strong></span> <span class='ocrx_word' id='word_1_34' title='bbox 315 1614 457 1701; x_wconf 82' lang='lat' dir='ltr'><strong>gaudeo.</strong></span> <span class='ocrx_word' id='word_1_35' title='bbox 509 1613 600 1680; x_wconf 82' lang='lat' dir='ltr'><strong>Fidei</strong></span> <span class='ocrx_word' id='word_1_36' title='bbox 633 1613 784 1679; x_wconf 85' lang='lat' dir='ltr'><strong>addictus</strong></span> <span class='ocrx_word' id='word_1_37' title='bbox 817 1636 888 1678; x_wconf 89' lang='lat' dir='ltr'><strong>sum</strong></span> <span class='ocrx_word' id='word_1_38' title='bbox 926 1614 1148 1700; x_wconf 86' lang='lat' dir='ltr'><strong>evangelicae.</strong></span> <span class='ocrx_word' id='word_1_39' title='bbox 1200 1613 1252 1679; x_wconf 83' lang='lat' dir='ltr'><strong>Ex</strong></span> 
     </span>
     <span class='ocr_line' id='line_1_6' title="bbox 154 1704 1251 1789; baseline 0 -2"><span class='ocrx_word' id='word_1_40' title='bbox 154 1722 255 1789; x_wconf 85' lang='lat' dir='ltr'><strong>tertio</strong></span> <span class='ocrx_word' id='word_1_41' title='bbox 283 1724 411 1789; x_wconf 87' lang='lat' dir='ltr'><strong>decimo</strong></span> <span class='ocrx_word' id='word_1_42' title='bbox 444 1723 559 1789; x_wconf 85' lang='lat' dir='ltr'><strong>aetatis</strong></span> <span class='ocrx_word' id='word_1_43' title='bbox 590 1746 673 1787; x_wconf 89' lang='lat' dir='ltr'><strong>anno</strong></span> <span class='ocrx_word' id='word_1_44' title='bbox 704 1721 827 1787; x_wconf 89' lang='lat' dir='ltr'><strong>artibus</strong></span> <span class='ocrx_word' id='word_1_45' title='bbox 859 1722 1047 1788; x_wconf 82' lang='lat' dir='ltr'><strong>liberalibus</strong></span> <span class='ocrx_word' id='word_1_46' title='bbox 1074 1704 1251 1788; x_wconf 88' lang='lat' dir='ltr'><strong>instructus</strong></span> 
     </span>
     <span class='ocr_line' id='line_1_7' title="bbox 155 1830 1252 1919; baseline 0.001 -23"><span class='ocrx_word' id='word_1_47' title='bbox 155 1831 283 1919; x_wconf 82' lang='lat' dir='ltr'><strong>patriae</strong></span> <span class='ocrx_word' id='word_1_48' title='bbox 305 1833 395 1900; x_wconf 90' lang='lat' dir='ltr'><strong>urbis</strong></span> <span class='ocrx_word' id='word_1_49' title='bbox 417 1832 451 1897; x_wconf 91' lang='lat' dir='ltr'><strong>in</strong></span> <span class='ocrx_word' id='word_1_50' title='bbox 481 1833 666 1919; x_wconf 84' lang='lat' dir='ltr'><strong>gymnasio,</strong></span> <span class='ocrx_word' id='word_1_51' title='bbox 698 1833 784 1918; x_wconf 91' lang='lat' dir='ltr'><strong>quod</strong></span> <span class='ocrx_word' id='word_1_52' title='bbox 808 1831 965 1919; x_wconf 81' lang='lat' dir='ltr'><strong>Adolpbo</strong></span> <span class='ocrx_word' id='word_1_53' title='bbox 987 1830 1101 1897; x_wconf 89' lang='lat' dir='ltr'><strong>Klixio</strong></span> <span class='ocrx_word' id='word_1_54' title='bbox 1123 1842 1252 1898; x_wconf 88' lang='lat' dir='ltr'><strong>rectore</strong></span> 
     </span>
     <span class='ocr_line' id='line_1_8' title="bbox 157 1941 1253 2027; baseline -0.003 -18"><span class='ocrx_word' id='word_1_55' title='bbox 157 1942 256 2009; x_wconf 88' lang='lat' dir='ltr'><strong>etiam</strong></span> <span class='ocrx_word' id='word_1_56' title='bbox 276 1966 363 2008; x_wconf 91' lang='lat' dir='ltr'><strong>nunc</strong></span> <span class='ocrx_word' id='word_1_57' title='bbox 384 1943 492 2027; x_wconf 85' lang='lat' dir='ltr'><strong>floret,</strong></span> <span class='ocrx_word' id='word_1_58' title='bbox 514 1964 593 2008; x_wconf 86' lang='lat' dir='ltr'><strong>vere</strong></span> <span class='ocrx_word' id='word_1_59' title='bbox 614 1943 688 2009; x_wconf 90' lang='lat' dir='ltr'><strong>anui</strong></span> <span class='ocrx_word' id='word_1_60' title='bbox 714 1943 745 2007; x_wconf 89' lang='lat' dir='ltr'><strong>h.</strong></span> <span class='ocrx_word' id='word_1_61' title='bbox 767 1966 792 2007; x_wconf 89' lang='lat' dir='ltr'><strong>s.</strong></span> <span class='ocrx_word' id='word_1_62' title='bbox 815 1941 897 2009; x_wconf 89' lang='lat' dir='ltr'><strong>LXI</strong></span> <span class='ocrx_word' id='word_1_63' title='bbox 920 1942 1165 2008; x_wconf 85' lang='lat' dir='ltr'><strong>universitatem</strong></span> <span class='ocrx_word' id='word_1_64' title='bbox 1188 1941 1253 2007; x_wconf 89' lang='lat' dir='ltr'><strong>adii</strong></span> 
     </span>
     <span class='ocr_line' id='line_1_9' title="bbox 66 2040 1274 2139; baseline -0.002 -23"><span class='ocrx_word' id='word_1_65' title='bbox 66 2040 68 2045; x_wconf 45' lang='grc'>’</span> <span class='ocrx_word' id='word_1_66' title='bbox 156 2050 420 2136; x_wconf 86' lang='lat' dir='ltr'><strong>Berolinenscm,</strong></span> <span class='ocrx_word' id='word_1_67' title='bbox 448 2052 540 2117; x_wconf 89' lang='lat' dir='ltr'><strong>cuius</strong></span> <span class='ocrx_word' id='word_1_68' title='bbox 567 2073 627 2138; x_wconf 92' lang='lat' dir='ltr'><strong>per</strong></span> <span class='ocrx_word' id='word_1_69' title='bbox 657 2074 775 2116; x_wconf 89' lang='lat' dir='ltr'><strong>annum</strong></span> <span class='ocrx_word' id='word_1_70' title='bbox 802 2051 881 2116; x_wconf 83' lang='lat' dir='ltr'><strong>civis</strong></span> <span class='ocrx_word' id='word_1_71' title='bbox 902 2052 1121 2139; x_wconf 86' lang='lat' dir='ltr'><strong>prodocentes</strong></span> <span class='ocrx_word' id='word_1_72' title='bbox 1142 2050 1274 2115; x_wconf 86' lang='lat' dir='ltr'><strong>audivi.</strong></span> 
     </span>
     <span class='ocr_line' id='line_1_10' title="bbox 156 2159 1253 2247; baseline -0.002 -21"><span class='ocrx_word' id='word_1_73' title='bbox 156 2160 351 2245; x_wconf 79' lang='lat' dir='ltr'><strong>Bockhium,</strong></span> <span class='ocrx_word' id='word_1_74' title='bbox 363 2161 584 2247; x_wconf 88' lang='lat' dir='ltr'><strong>Droysenum,</strong></span> <span class='ocrx_word' id='word_1_75' title='bbox 596 2160 788 2246; x_wconf 86' lang='lat' dir='ltr'><strong>Hauptium,</strong></span> <span class='ocrx_word' id='word_1_76' title='bbox 800 2160 1153 2247; x_wconf 85' lang='lat' dir='ltr'><strong>Trcndelenburgium.</strong></span> <span class='ocrx_word' id='word_1_77' title='bbox 1169 2159 1253 2226; x_wconf 86' lang='lat' dir='ltr'><strong>Inde</strong></span> 
     </span>
     <span class='ocr_line' id='line_1_11' title="bbox 154 2267 1253 2352; baseline -0.002 -18"><span class='ocrx_word' id='word_1_78' title='bbox 154 2267 190 2336; x_wconf 80' lang='lat' dir='ltr'><strong>ln</strong></span> <span class='ocrx_word' id='word_1_79' title='bbox 218 2293 349 2352; x_wconf 89' lang='lat' dir='ltr'><strong>annum,</strong></span> <span class='ocrx_word' id='word_1_80' title='bbox 380 2279 416 2334; x_wconf 91' lang='lat' dir='ltr'><strong>ut</strong></span> <span class='ocrx_word' id='word_1_81' title='bbox 446 2279 523 2335; x_wconf 90' lang='lat' dir='ltr'><strong>tunc</strong></span> <span class='ocrx_word' id='word_1_82' title='bbox 553 2279 623 2334; x_wconf 86' lang='lat' dir='ltr'><strong>erat</strong></span> <span class='ocrx_word' id='word_1_83' title='bbox 655 2268 840 2351; x_wconf 87' lang='lat' dir='ltr'><strong>consilium,</strong></span> <span class='ocrx_word' id='word_1_84' title='bbox 868 2269 1016 2335; x_wconf 92' lang='lat' dir='ltr'><strong>Bonnam</strong></span> <span class='ocrx_word' id='word_1_85' title='bbox 1040 2291 1092 2334; x_wconf 90' lang='lat' dir='ltr'><strong>mc</strong></span> <span class='ocrx_word' id='word_1_86' title='bbox 1118 2268 1253 2351; x_wconf 87' lang='lat' dir='ltr'><strong>contuli,</strong></span> 
     </span>
     <span class='ocr_line' id='line_1_12' title="bbox 155 2377 1254 2466; baseline -0.001 -22"><span class='ocrx_word' id='word_1_87' title='bbox 155 2401 222 2465; x_wconf 92' lang='lat' dir='ltr'><strong>quo</strong></span> <span class='ocrx_word' id='word_1_88' title='bbox 245 2390 354 2444; x_wconf 87' lang='lat' dir='ltr'><strong>tamen</strong></span> <span class='ocrx_word' id='word_1_89' title='bbox 377 2402 448 2444; x_wconf 91' lang='lat' dir='ltr'><strong>cum</strong></span> <span class='ocrx_word' id='word_1_90' title='bbox 471 2379 645 2461; x_wconf 81' lang='lat' dir='ltr'><strong>venissem,</strong></span> <span class='ocrx_word' id='word_1_91' title='bbox 670 2401 735 2443; x_wconf 91' lang='lat' dir='ltr'><strong>non</strong></span> <span class='ocrx_word' id='word_1_92' title='bbox 759 2378 851 2464; x_wconf 92' lang='lat' dir='ltr'><strong>potui</strong></span> <span class='ocrx_word' id='word_1_93' title='bbox 872 2377 912 2442; x_wconf 91' lang='lat' dir='ltr'><strong>ab</strong></span> <span class='ocrx_word' id='word_1_94' title='bbox 935 2379 1042 2442; x_wconf 91' lang='lat' dir='ltr'><strong>animo</strong></span> <span class='ocrx_word' id='word_1_95' title='bbox 1066 2379 1254 2466; x_wconf 88' lang='lat' dir='ltr'><strong>impetrare,</strong></span> 
     </span>
     <span class='ocr_line' id='line_1_13' title="bbox 154 2485 1254 2554; baseline -0.001 -1"><span class='ocrx_word' id='word_1_96' title='bbox 154 2497 289 2554; x_wconf 80' lang='lat' dir='ltr'><strong>utente</strong></span> <span class='ocrx_word' id='word_1_97' title='bbox 316 2487 497 2553; x_wconf 88' lang='lat' dir='ltr'><strong>studiorum</strong></span> <span class='ocrx_word' id='word_1_98' title='bbox 519 2487 779 2552; x_wconf 84' lang='lat' dir='ltr'><strong>academicorum</strong></span> <span class='ocrx_word' id='word_1_99' title='bbox 803 2488 901 2552; x_wconf 90' lang='lat' dir='ltr'><strong>finem</strong></span> <span class='ocrx_word' id='word_1_100' title='bbox 923 2485 1113 2553; x_wconf 86' lang='lat' dir='ltr'><strong>Rhenanam</strong></span> <span class='ocrx_word' id='word_1_101' title='bbox 1124 2486 1254 2552; x_wconf 89' lang='lat' dir='ltr'><strong>univcr-</strong></span> 
     </span>
     <span class='ocr_line' id='line_1_14' title="bbox 82 2595 1253 2682; baseline -0.002 -20"><span class='ocrx_word' id='word_1_102' title='bbox 82 2596 85 2601; x_wconf 76' lang='grc'><strong>’</strong></span> <span class='ocrx_word' id='word_1_103' title='bbox 156 2596 286 2662; x_wconf 77' lang='lat' dir='ltr'><strong>sitalem</strong></span> <span class='ocrx_word' id='word_1_104' title='bbox 308 2595 539 2682; x_wconf 86' lang='lat' dir='ltr'><strong>relinquerem.</strong></span> <span class='ocrx_word' id='word_1_105' title='bbox 575 2597 693 2680; x_wconf 86' lang='lat' dir='ltr'><strong>Itaque</strong></span> <span class='ocrx_word' id='word_1_106' title='bbox 717 2617 777 2682; x_wconf 91' lang='lat' dir='ltr'><strong>per</strong></span> <span class='ocrx_word' id='word_1_107' title='bbox 799 2604 864 2659; x_wconf 90' lang='lat' dir='ltr'><strong>tres</strong></span> <span class='ocrx_word' id='word_1_108' title='bbox 890 2604 922 2660; x_wconf 86' lang='lat' dir='ltr'><strong>et</strong></span> <span class='ocrx_word' id='word_1_109' title='bbox 944 2595 1113 2660; x_wconf 86' lang='lat' dir='ltr'><strong>dimidium</strong></span> <span class='ocrx_word' id='word_1_110' title='bbox 1133 2619 1253 2660; x_wconf 89' lang='lat' dir='ltr'><strong>annum</strong></span> 
     </span>
     <span class='ocr_line' id='line_1_15' title="bbox 156 2702 1252 2789; baseline -0.004 -17"><span class='ocrx_word' id='word_1_111' title='bbox 156 2704 287 2772; x_wconf 86' lang='lat' dir='ltr'><strong>scholas</strong></span> <span class='ocrx_word' id='word_1_112' title='bbox 309 2703 512 2789; x_wconf 85' lang='lat' dir='ltr'><strong>frequentavi</strong></span> <span class='ocrx_word' id='word_1_113' title='bbox 537 2702 700 2785; x_wconf 80' lang='lat' dir='ltr'><strong>BrandIsi,</strong></span> <span class='ocrx_word' id='word_1_114' title='bbox 727 2703 834 2788; x_wconf 85' lang='lat' dir='ltr'><strong>Dieai,</strong></span> <span class='ocrx_word' id='word_1_115' title='bbox 866 2702 1124 2788; x_wconf 83' lang='lat' dir='ltr'><strong>Gildcmeisteri,</strong></span> <span class='ocrx_word' id='word_1_116' title='bbox 1147 2704 1252 2787; x_wconf 90' lang='lat' dir='ltr'><strong>Iahni,</strong></span> 
     </span>
    </p>
   </div>
   <div class='ocr_carea' id='block_1_5' title="bbox 66 2784 1254 3557">
    <p class='ocr_par' dir='ltr' id='par_1_5' title="bbox 66 2784 1254 3557">
     <span class='ocr_line' id='line_1_16' title="bbox 66 2784 1252 2899; baseline -0.003 -17"><span class='ocrx_word' id='word_1_117' title='bbox 66 2784 74 2841; x_wconf 46' lang='lat'><strong>&#39;²</strong></span> <span class='ocrx_word' id='word_1_118' title='bbox 154 2812 327 2895; x_wconf 86' lang='lat' dir='ltr'><strong>Ritscheli,</strong></span> <span class='ocrx_word' id='word_1_119' title='bbox 350 2811 525 2894; x_wconf 85' lang='lat' dir='ltr'><strong>Simrocki,</strong></span> <span class='ocrx_word' id='word_1_120' title='bbox 549 2811 727 2899; x_wconf 85' lang='lat' dir='ltr'><strong>Schopeni,</strong></span> <span class='ocrx_word' id='word_1_121' title='bbox 749 2835 779 2877; x_wconf 87' lang='lat' dir='ltr'><strong>v.</strong></span> <span class='ocrx_word' id='word_1_122' title='bbox 801 2811 1131 2896; x_wconf 82' lang='lat' dir='ltr'><strong>Sybeli‚T1·0s0hali.</strong></span> <span class='ocrx_word' id='word_1_123' title='bbox 1156 2812 1252 2878; x_wconf 90' lang='lat' dir='ltr'><strong>Prae·</strong></span> 
     </span>
     <span class='ocr_line' id='line_1_17' title="bbox 153 2919 1253 3010; baseline 0.001 -24"><span class='ocrx_word' id='word_1_124' title='bbox 153 2931 248 2986; x_wconf 82' lang='lat' dir='ltr'><strong>terea</strong></span> <span class='ocrx_word' id='word_1_125' title='bbox 270 2921 469 3010; x_wconf 87' lang='lat' dir='ltr'><strong>optatissimo</strong></span> <span class='ocrx_word' id='word_1_126' title='bbox 491 2921 570 2985; x_wconf 90' lang='lat' dir='ltr'><strong>mihi</strong></span> <span class='ocrx_word' id='word_1_127' title='bbox 593 2919 634 2987; x_wconf 92' lang='grc' dir='ltr'><strong>Ο.</strong></span> <span class='ocrx_word' id='word_1_128' title='bbox 656 2919 751 2987; x_wconf 86' lang='lat' dir='ltr'><strong>Iabni</strong></span> <span class='ocrx_word' id='word_1_129' title='bbox 774 2942 812 2985; x_wconf 87' lang='lat' dir='ltr'><strong>ac</strong></span> <span class='ocrx_word' id='word_1_130' title='bbox 834 2919 890 2986; x_wconf 88' lang='lat' dir='ltr'><strong>Fr.</strong></span> <span class='ocrx_word' id='word_1_131' title='bbox 912 2920 1071 2987; x_wconf 85' lang='lat' dir='ltr'><strong>Ritscheli</strong></span> <span class='ocrx_word' id='word_1_132' title='bbox 1092 2921 1253 2988; x_wconf 88' lang='lat' dir='ltr'><strong>beneficio</strong></span> 
     </span>
     <span class='ocr_line' id='line_1_18' title="bbox 156 3029 1252 3118; baseline -0.001 -21"><span class='ocrx_word' id='word_1_133' title='bbox 156 3030 308 3118; x_wconf 86' lang='lat' dir='ltr'><strong>contigit,</strong></span> <span class='ocrx_word' id='word_1_134' title='bbox 337 3041 372 3095; x_wconf 88' lang='lat' dir='ltr'><strong>ut</strong></span> <span class='ocrx_word' id='word_1_135' title='bbox 396 3029 547 3096; x_wconf 90' lang='lat' dir='ltr'><strong>seminari</strong></span> <span class='ocrx_word' id='word_1_136' title='bbox 568 3051 638 3116; x_wconf 87' lang='lat' dir='ltr'><strong>reg.</strong></span> <span class='ocrx_word' id='word_1_137' title='bbox 661 3029 742 3116; x_wconf 90' lang='lat' dir='ltr'><strong>phil.</strong></span> <span class='ocrx_word' id='word_1_138' title='bbox 770 3050 972 3116; x_wconf 89' lang='lat' dir='ltr'><strong>perannum</strong></span> <span class='ocrx_word' id='word_1_139' title='bbox 1002 3053 1105 3095; x_wconf 87' lang='lat' dir='ltr'><strong>essem</strong></span> <span class='ocrx_word' id='word_1_140' title='bbox 1129 3031 1252 3096; x_wconf 86' lang='lat' dir='ltr'><strong>sodalis</strong></span> 
     </span>
     <span class='ocr_line' id='line_1_19' title="bbox 86 3137 1253 3227; baseline -0.001 -22"><span class='ocrx_word' id='word_1_141' title='bbox 86 3182 91 3191; x_wconf 90' lang='lat'><em>-</em></span> <span class='ocrx_word' id='word_1_142' title='bbox 158 3139 356 3224; x_wconf 85' lang='lat' dir='ltr'><strong>ordinarius,</strong></span> <span class='ocrx_word' id='word_1_143' title='bbox 377 3160 436 3227; x_wconf 90' lang='lat' dir='ltr'><strong>per</strong></span> <span class='ocrx_word' id='word_1_144' title='bbox 453 3162 571 3203; x_wconf 88' lang='lat' dir='ltr'><strong>annum</strong></span> <span class='ocrx_word' id='word_1_145' title='bbox 586 3137 712 3222; x_wconf 83' lang='lat' dir='ltr'><strong>senior3</strong></span> <span class='ocrx_word' id='word_1_146' title='bbox 735 3147 831 3225; x_wconf 88' lang='lat' dir='ltr'><strong>atque</strong></span> <span class='ocrx_word' id='word_1_147' title='bbox 849 3139 946 3202; x_wconf 89' lang='lat' dir='ltr'><strong>etiam</strong></span> <span class='ocrx_word' id='word_1_148' title='bbox 962 3139 1253 3205; x_wconf 84' lang='lat' dir='ltr'><strong>exercitationibus</strong></span> 
     </span>
     <span class='ocr_line' id='line_1_20' title="bbox 154 3246 1252 3339; baseline -0.003 -23"><span class='ocrx_word' id='word_1_149' title='bbox 154 3250 377 3339; x_wconf 84' lang='lat' dir='ltr'><strong>epigrapbicis</strong></span> <span class='ocrx_word' id='word_1_150' title='bbox 404 3273 604 3338; x_wconf 87' lang='lat' dir='ltr'><strong>perannum</strong></span> <span class='ocrx_word' id='word_1_151' title='bbox 627 3260 663 3314; x_wconf 92' lang='lat' dir='ltr'><strong>ut</strong></span> <span class='ocrx_word' id='word_1_152' title='bbox 684 3249 875 3315; x_wconf 86' lang='lat' dir='ltr'><strong>interessem</strong></span> <span class='ocrx_word' id='word_1_153' title='bbox 887 3248 1086 3314; x_wconf 84' lang='lat' dir='ltr'><strong>Ritschelius</strong></span> <span class='ocrx_word' id='word_1_154' title='bbox 1109 3246 1252 3334; x_wconf 85' lang='lat' dir='ltr'><strong>benigne</strong></span> 
     </span>
     <span class='ocr_line' id='line_1_21' title="bbox 156 3357 1254 3448; baseline -0.004 -24"><span class='ocrx_word' id='word_1_155' title='bbox 156 3360 316 3448; x_wconf 89' lang='lat' dir='ltr'><strong>permisit.</strong></span> <span class='ocrx_word' id='word_1_156' title='bbox 361 3360 428 3442; x_wconf 80' lang='lat' dir='ltr'><strong>Qui</strong></span> <span class='ocrx_word' id='word_1_157' title='bbox 452 3359 513 3424; x_wconf 82' lang='lat' dir='ltr'><strong>riri</strong></span> <span class='ocrx_word' id='word_1_158' title='bbox 545 3380 656 3424; x_wconf 90' lang='lat' dir='ltr'><strong>omncs</strong></span> <span class='ocrx_word' id='word_1_159' title='bbox 684 3381 777 3442; x_wconf 90' lang='lat' dir='ltr'><strong>quam</strong></span> <span class='ocrx_word' id='word_1_160' title='bbox 809 3359 894 3422; x_wconf 91' lang='lat' dir='ltr'><strong>bene</strong></span> <span class='ocrx_word' id='word_1_161' title='bbox 924 3357 965 3421; x_wconf 88' lang='lat' dir='ltr'><strong>de</strong></span> <span class='ocrx_word' id='word_1_162' title='bbox 992 3379 1044 3421; x_wconf 94' lang='lat' dir='ltr'><strong>me</strong></span> <span class='ocrx_word' id='word_1_163' title='bbox 1075 3357 1254 3421; x_wconf 88' lang='lat' dir='ltr'><strong>meruerint</strong></span> 
     </span>
     <span class='ocr_line' id='line_1_22' title="bbox 153 3465 1103 3557; baseline -0.002 -26"><span class='ocrx_word' id='word_1_164' title='bbox 153 3467 289 3557; x_wconf 88' lang='lat' dir='ltr'><strong>penitus</strong></span> <span class='ocrx_word' id='word_1_165' title='bbox 311 3467 416 3533; x_wconf 88' lang='lat' dir='ltr'><strong>sentio</strong></span> <span class='ocrx_word' id='word_1_166' title='bbox 440 3467 604 3554; x_wconf 84' lang='lat' dir='ltr'><strong>gratoque</strong></span> <span class='ocrx_word' id='word_1_167' title='bbox 628 3488 758 3555; x_wconf 90' lang='lat' dir='ltr'><strong>semper</strong></span> <span class='ocrx_word' id='word_1_168' title='bbox 780 3465 888 3531; x_wconf 90' lang='lat' dir='ltr'><strong>animo</strong></span> <span class='ocrx_word' id='word_1_169' title='bbox 912 3465 1103 3554; x_wconf 88' lang='lat' dir='ltr'><strong>profitebor.</strong></span> 
     </span>
    </p>
   </div>
   <div class='ocr_carea' id='block_1_6' title="bbox 0 0 1414 4830">
    <p class='ocr_par' dir='ltr' id='par_1_6' title="bbox 0 0 1414 4830">
     <span class='ocr_line' id='line_1_23' title="bbox 0 0 1414 4830; baseline 0 0"><span class='ocrx_word' id='word_1_170' title='bbox 0 0 1414 4830; x_wconf 95' lang='lat' dir='ltr'><strong> </strong></span> 
     </span>
    </p>
   </div>
  </div>
 </body>
</html>
