2820 4830
681 262 721 327 37

152 450 305 516 Plautino
329 451 446 534 legere
470 449 551 515 ‘Aba‘
569 452 601 513 in
625 448 742 512 malam
757 473 825 512 rem
841 430 1023 512 maxumam
1045 472 1066 512 a
1083 448 1152 529 me’,
1175 470 1249 511 cum

153 559 347 642 locutiones,
376 559 490 645 quales
515 568 607 624 sunt:
640 559 722 621 ‘Aba‘
747 560 782 621 in
813 558 931 620 malam
960 580 1096 637 crucem,
1129 556 1187 622 aba·
1216 559 1249 620 in

152 669 272 732 melam
299 692 367 731 rem
399 669 594 732 maxamam'
627 688 788 754 persaepe
820 675 1005 730 occurrant.
1060 664 1100 728 In
1129 665 1250 729 talibus

154 786 262 843 autem
285 777 436 841 formulis
460 800 535 842 cum
557 776 841 841 constantissimus
863 799 941 841 usus
970 797 1112 859 regnare
1136 775 1251 859 soleat,

155 887 251 952 etiam
266 885 376 974 lippus
392 887 502 969 homo,
526 884 636 967 eredo,
659 884 794 968 videbit,
816 883 879 949 boc
896 885 969 949 loco
994 889 1026 948 ‘a
1042 885 1101 948 me’
1118 883 1250 948 voculas

155 1017 196 1060 ex
222 1004 389 1083 postrema
420 995 593 1060 anterioris
615 994 767 1059 vocabuli
789 994 917 1080 syllaba
938 1016 1112 1081 perperam
1135 994 1252 1059 iterata

156 1112 241 1167 ortas
263 1124 345 1168 esse.
389 1102 508 1188 Neque
528 1102 635 1166 minus
648 1101 857 1166 manifestum
873 1112 921 1167 est
935 1102 1091 1167 mendum
1108 1103 1142 1166 in
1158 1103 1250 1168 initio

157 1233 272 1277 versus
298 1213 413 1277 latens.
447 1211 610 1292 Quoniam
634 1212 722 1275 enim
744 1212 845 1275 verba
865 1216 947 1274 ‘eam
974 1212 1189 1275 beraeaolente’
1210 1211 1250 1276 ad

158 1323 302 1385 ‘raecum'
323 1321 501 1386 referenda
534 1330 620 1404 sunt,
652 1320 810 1405 sequitur,
841 1330 878 1383 ut
901 1320 1112 1384 ‘benevolens'
1136 1321 1176 1384 ad
1198 1323 1251 1385 ‘te'

157 1451 340 1518 pronomen
362 1428 577 1495 referendum
596 1429 647 1510 sit,
671 1429 711 1493 ad
736 1429 823 1514 quod
845 1439 953 1494 tamen
975 1439 1012 1493 ut
1033 1429 1252 1495 nominativus

157 1537 197 1602 ad
213 1538 434 1603 accusativum
447 1560 514 1601 non
530 1538 678 1623 quadrat.
710 1538 978 1602 ‘Benevolentrm'
990 1547 1099 1603 autem
1114 1539 1252 1603 formam

156 1668 269 1712 versus
290 1669 357 1710 non
378 1644 529 1710 admittit.
559 1645 631 1710 Iam
652 1645 766 1730 igitur,
788 1647 850 1710 nisi
876 1646 931 1731 qui
954 1647 1141 1729 verborum,
1168 1669 1252 1732 quae

156 1755 365 1838 antecedunt,
380 1763 578 1818 structuram
595 1753 695 1841 plane
713 1753 884 1820 immutare
898 1754 981 1818 velit
995 1778 1033 1819 ae
1048 1765 1253 1842 pervertere,

156 1884 222 1926 non
244 1861 381 1946 negabit
403 1883 539 1926 necesse
562 1884 645 1944 esse,
666 1872 702 1926 ut
723 1884 784 1949 pro
809 1862 1016 1926 ‘bereuoleaa'
1033 1865 1253 1929 accusativum
1279 1929 1283 1935 ,

159 1970 364 2035 ‘benevolam’
386 1970 612 2053 restituamus3
633 1993 716 2056 quae
738 1970 902 2035 adiectiva
923 1994 1019 2057 quam
1042 1971 1251 2061 habeantpa·

158 2100 227 2144 rem
249 2079 315 2141 vim
336 2088 369 2143 et
388 2102 481 2143 usum
503 2079 559 2144 vel
584 2101 626 2143 ex
649 2079 755 2146 Stichi
777 2104 808 2144 v.
824 2080 886 2145 385
908 2103 980 2144 curn
999 2104 1028 2145 v.
1046 2081 1107 2145 391
1132 2081 1252 2146 collato

157 2188 374 2273 intellegitur.
408 2189 449 2253 V.
470 2188 509 2251 72
532 2188 567 2251 in
588 2189 692 2253 altera
716 2187 860 2252 editione
883 2189 1021 2254 Botbius
1044 2213 1104 2277 pro
1129 2191 1251 2255 cretico
1316 2258 1319 2264 ,

156 2297 280 2382 habuit,
312 2307 408 2362 antea
442 2320 517 2362 eum
550 2298 661 2386 paullo
695 2296 890 2384 prudentius
924 2308 1150 2382 asynartetum
1181 2322 1253 2366 esse

159 2430 292 2472 versum
315 2416 404 2470 ratus
429 2409 516 2470 ‘tute’
538 2430 598 2495 pro
628 2405 769 2494 simplici
795 2409 850 2471 ‘ta’
876 2416 1040 2494 posuerat,
1069 2408 1164 2472 huius
1188 2409 1253 2474 loci

154 2515 274 2580 rationi
297 2538 375 2580 sane
386 2515 634 2602 convenienter,
655 2516 905 2602 invexeratque,
923 2540 1021 2603 quam
1041 2517 1119 2582 item
1131 2519 1253 2607 ample·

158 2635 240 2708 star,
261 2623 479 2710 antiquiorem
504 2624 680 2690 accusativi
701 2626 795 2689 ‘med’
818 2626 1004 2706 formam5).
1037 2624 1130 2705 Quae
1152 2627 1193 2689 ab
1215 2647 1253 2689 eo

157 2735 242 2799 bene
266 2743 386 2799 novata
406 2733 441 2797 in
467 2757 577 2800 meum
590 2757 685 2799 usum
707 2743 915 2816 convertens,
940 2743 976 2798 ut
992 2743 1253 2820 asynartetcmm

158 2842 296 2906 artificio
310 2865 423 2908 carere
437 2844 607 2931 possimus,
625 2843 707 2907 nihil
718 2843 805 2923 ultra
826 2841 1029 2908 moliendum
1040 2843 1136 2927 duce,
1158 2864 1255 2926 quarn

157 2960 193 3015 ut
215 2950 312 3015 etiam
335 2951 523 3016 intereundi
547 2951 641 3016 verbi
674 2950 829 3015 vicariam
859 2950 1084 3036 rarioremque
1117 2952 1254 3014 formam

156 3058 367 3124 restituentes
390 3060 586 3125 scribamus:

242 3167 329 3248 Quid
353 3167 437 3232 istuc
460 3167 500 3230 ad
523 3168 597 3232 med
623 3167 750 3251 attinet,
772 3191 835 3255 quo
857 3169 926 3234 mse
946 3167 1118 3233 interbitis
1134 3165 1255 3230 modo‘?

229 3394 254 3461 1)
272 3394 343 3447 Nam
369 3393 613 3462 Umpfenbachius,
642 3394 783 3448 meletem.
812 3392 904 3447 Plaut.
932 3409 993 3461 cap.
1012 3391 1034 3455 I,
1061 3390 1126 3443 med
1153 3393 1182 3442 et
1207 3389 1257 3443 ted

158 3491 335 3544 accusativos
361 3490 473 3544 omnino
502 3508 558 3543 non
583 3490 723 3544 exstitisse
744 3491 812 3543 mihi
838 3507 896 3544 non
922 3488 1062 3558 probavit.
1104 3486 1176 3539 Nam
1203 3485 1256 3539 etsi

159 3588 301 3653 quattuor,
323 3585 370 3654 qui
389 3603 487 3641 eorum
509 3591 621 3640 exstant
637 3590 734 3651 testes,
753 3585 959 3654 inscriptiones,
977 3581 1163 3655 grammatici,
1181 3581 1256 3634 codi-

159 3697 204 3734 ces
222 3680 353 3744 Palatini,
375 3699 508 3735 versuum
525 3683 720 3737 Plautinorum
739 3698 791 3750 ope
816 3699 914 3736 eorum
933 3679 1144 3733 emendatorum
1162 3676 1257 3730 multi·

158 3777 235 3841 tudo,
254 3777 357 3846 singuli
375 3776 458 3831 fidem
477 3796 534 3833 non
553 3779 717 3840 meruerint,
735 3778 951 3832 coniunctorum
967 3775 1144 3830 consentiens
1155 3790 1257 3827 memo·

158 3871 200 3925 ria
215 3872 365 3925 maximam
376 3872 461 3926 habet
473 3875 682 3928 auctoritatem.
710 3875 808 3942 Neque
818 3873 904 3926 ullam
914 3890 964 3926 cur
976 3872 1048 3926 hanc
1058 3870 1254 3925 auctoritatem

159 3984 331 4036 spernamus,
354 3985 467 4021 cansam
485 3968 605 4032 invenio,
631 3969 763 4037 quoniam
783 3970 845 4037 ipse
861 3966 1095 4037 Umpfenbachius
1114 3963 1209 4016 statim
1227 3963 1257 4016 in

157 4064 238 4118 initio
258 4065 358 4134 capitis
377 4053 419 4119 sat
436 4064 614 4133 probabilem
633 4064 740 4119 formae
758 4065 834 4119 illius
852 4063 1034 4134 explicandae
1052 4062 1191 4116 rationem
1208 4061 1256 4115 de·

158 4163 308 4215 monstrat.
