<?xml version="1.0" encoding="UTF-8"?>
<!DOCTYPE html PUBLIC "-//W3C//DTD XHTML 1.0 Transitional//EN"
    "http://www.w3.org/TR/xhtml1/DTD/xhtml1-transitional.dtd">
<html xmlns="http://www.w3.org/1999/xhtml" xml:lang="en" lang="en">
 <head>
  <title>
</title>
<meta http-equiv="Content-Type" content="text/html;charset=utf-8" />
  <meta name='ocr-system' content='tesseract 3.04.00' />
  <meta name='ocr-capabilities' content='ocr_page ocr_carea ocr_par ocr_line ocrx_word'/>
</head>
<body>
  <div class='ocr_page' id='page_1' title='image "./deplautiepidico01muelgoog_0015.png"; bbox 0 0 2820 4830; ppageno 0'>
   <div class='ocr_carea' id='block_1_1' title="bbox 757 227 778 293">
    <p class='ocr_par' dir='ltr' id='par_1_1' title="bbox 757 227 778 293">
     <span class='ocr_line' id='line_1_1' title="bbox 757 227 778 293; baseline 0 0"><span class='ocrx_word' id='word_1_1' title='bbox 757 227 778 293; x_wconf 88' lang='grc'><strong>6</strong></span> 
     </span>
    </p>
   </div>
   <div class='ocr_carea' id='block_1_2' title="bbox 217 390 1320 1682">
    <p class='ocr_par' dir='ltr' id='par_1_2' title="bbox 217 390 1317 1050">
     <span class='ocr_line' id='line_1_2' title="bbox 217 390 1317 505; baseline -0.005 -25"><span class='ocrx_word' id='word_1_2' title='bbox 217 390 376 505; x_wconf 79' lang='lat' dir='ltr'>pitiouem</span> <span class='ocrx_word' id='word_1_3' title='bbox 399 413 493 479; x_wconf 89' lang='lat' dir='ltr'>istam</span> <span class='ocrx_word' id='word_1_4' title='bbox 515 412 708 480; x_wconf 81' lang='lat' dir='ltr'><strong>ostendebat</strong></span> <span class='ocrx_word' id='word_1_5' title='bbox 731 435 838 500; x_wconf 90' lang='lat' dir='ltr'>neque</span> <span class='ocrx_word' id='word_1_6' title='bbox 863 413 927 476; x_wconf 90' lang='lat' dir='ltr'>iam</span> <span class='ocrx_word' id='word_1_7' title='bbox 947 412 1015 476; x_wconf 92' lang='lat' dir='ltr'>ulla</span> <span class='ocrx_word' id='word_1_8' title='bbox 1030 421 1218 492; x_wconf 84' lang='lat' dir='ltr'>erateausa,</span> <span class='ocrx_word' id='word_1_9' title='bbox 1240 412 1317 497; x_wconf 87' lang='lat' dir='ltr'>quin</span> 
     </span>
     <span class='ocr_line' id='line_1_3' title="bbox 220 520 1316 614; baseline -0.006 -24"><span class='ocrx_word' id='word_1_10' title='bbox 220 526 296 614; x_wconf 87' lang='lat' dir='ltr'>ipse·</span> <span class='ocrx_word' id='word_1_11' title='bbox 314 524 517 613; x_wconf 81' lang='lat' dir='ltr'>Periphanes</span> <span class='ocrx_word' id='word_1_12' title='bbox 539 531 711 607; x_wconf 89' lang='lat' dir='ltr'>argentum</span> <span class='ocrx_word' id='word_1_13' title='bbox 735 522 861 611; x_wconf 87' lang='lat' dir='ltr'>lenonis</span> <span class='ocrx_word' id='word_1_14' title='bbox 885 521 1033 587; x_wconf 89' lang='lat' dir='ltr'>manibus</span> <span class='ocrx_word' id='word_1_15' title='bbox 1058 520 1211 584; x_wconf 85' lang='lat' dir='ltr'>traderet.</span> <span class='ocrx_word' id='word_1_16' title='bbox 1258 521 1316 584; x_wconf 88' lang='lat' dir='ltr'>At·</span> 
     </span>
     <span class='ocr_line' id='line_1_4' title="bbox 221 630 1315 722; baseline -0.005 -23"><span class='ocrx_word' id='word_1_17' title='bbox 221 657 284 722; x_wconf 89' lang='lat' dir='ltr'>que</span> <span class='ocrx_word' id='word_1_18' title='bbox 308 655 350 698; x_wconf 92' lang='lat' dir='ltr'>nc</span> <span class='ocrx_word' id='word_1_19' title='bbox 372 633 443 699; x_wconf 87' lang='lat' dir='ltr'>fieri</span> <span class='ocrx_word' id='word_1_20' title='bbox 467 632 598 716; x_wconf 92' lang='lat' dir='ltr'>quidem</span> <span class='ocrx_word' id='word_1_21' title='bbox 619 632 701 696; x_wconf 92' lang='lat' dir='ltr'>illud</span> <span class='ocrx_word' id='word_1_22' title='bbox 725 633 759 696; x_wconf 93' lang='lat' dir='ltr'>in</span> <span class='ocrx_word' id='word_1_23' title='bbox 781 632 890 696; x_wconf 90' lang='lat' dir='ltr'>fabula</span> <span class='ocrx_word' id='word_1_24' title='bbox 912 632 968 696; x_wconf 88' lang='lat' dir='ltr'>vix</span> <span class='ocrx_word' id='word_1_25' title='bbox 990 630 1140 716; x_wconf 88' lang='lat' dir='ltr'>estquod</span> <span class='ocrx_word' id='word_1_26' title='bbox 1156 651 1315 694; x_wconf 86' lang='lat' dir='ltr'>moneam.</span> 
     </span>
     <span class='ocr_line' id='line_1_5' title="bbox 219 738 1317 828; baseline -0.005 -19"><span class='ocrx_word' id='word_1_27' title='bbox 219 744 306 811; x_wconf 90' lang='lat' dir='ltr'>Num</span> <span class='ocrx_word' id='word_1_28' title='bbox 323 742 423 827; x_wconf 89' lang='lat' dir='ltr'>igitur</span> <span class='ocrx_word' id='word_1_29' title='bbox 436 743 520 806; x_wconf 90' lang='lat' dir='ltr'>hanc</span> <span class='ocrx_word' id='word_1_30' title='bbox 534 741 567 806; x_wconf 91' lang='lat' dir='ltr'>in</span> <span class='ocrx_word' id='word_1_31' title='bbox 587 753 717 827; x_wconf 90' lang='lat' dir='ltr'>poetam</span> <span class='ocrx_word' id='word_1_32' title='bbox 738 741 864 828; x_wconf 89' lang='lat' dir='ltr'>culpam</span> <span class='ocrx_word' id='word_1_33' title='bbox 890 741 1041 805; x_wconf 90' lang='lat' dir='ltr'>conferes</span> <span class='ocrx_word' id='word_1_34' title='bbox 1057 760 1197 823; x_wconf 89' lang='lat' dir='ltr'>eumque</span> <span class='ocrx_word' id='word_1_35' title='bbox 1214 738 1317 803; x_wconf 85' lang='lat' dir='ltr'>levius</span> 
     </span>
     <span class='ocr_line' id='line_1_6' title="bbox 219 848 1317 936; baseline -0.005 -18"><span class='ocrx_word' id='word_1_36' title='bbox 219 874 289 918; x_wconf 89' lang='lat' dir='ltr'>rem</span> <span class='ocrx_word' id='word_1_37' title='bbox 320 875 412 916; x_wconf 89' lang='lat' dir='ltr'>suam</span> <span class='ocrx_word' id='word_1_38' title='bbox 445 851 587 936; x_wconf 80' lang='lat' dir='ltr'>gessisse</span> <span class='ocrx_word' id='word_1_39' title='bbox 612 850 814 916; x_wconf 77' lang='lat' dir='ltr'>contendes?</span> <span class='ocrx_word' id='word_1_40' title='bbox 849 849 1011 934; x_wconf 84' lang='lat' dir='ltr'><strong>Equidem</strong></span> <span class='ocrx_word' id='word_1_41' title='bbox 1038 848 1186 914; x_wconf 81' lang='lat' dir='ltr'>librarios</span> <span class='ocrx_word' id='word_1_42' title='bbox 1211 848 1317 935; x_wconf 87' lang='lat' dir='ltr'>potius</span> 
     </span>
     <span class='ocr_line' id='line_1_7' title="bbox 220 958 1051 1050; baseline -0.004 -23"><span class='ocrx_word' id='word_1_43' title='bbox 220 963 329 1050; x_wconf 88' lang='lat' dir='ltr'>culpo,</span> <span class='ocrx_word' id='word_1_44' title='bbox 351 960 502 1025; x_wconf 89' lang='lat' dir='ltr'>Plautum</span> <span class='ocrx_word' id='word_1_45' title='bbox 526 981 604 1024; x_wconf 89' lang='lat' dir='ltr'>vcro</span> <span class='ocrx_word' id='word_1_46' title='bbox 633 959 679 1024; x_wconf 92' lang='lat' dir='ltr'>sic</span> <span class='ocrx_word' id='word_1_47' title='bbox 699 958 867 1044; x_wconf 85' lang='lat' dir='ltr'>scripsisse</span> <span class='ocrx_word' id='word_1_48' title='bbox 889 959 1051 1046; x_wconf 89' lang='lat' dir='ltr'>suspicor:</span> 
     </span>
    </p>

    <p class='ocr_par' dir='ltr' id='par_1_3' title="bbox 308 1051 1319 1158">
     <span class='ocr_line' id='line_1_8' title="bbox 308 1051 1319 1158; baseline -0.009 -18"><span class='ocrx_word' id='word_1_49' title='bbox 308 1051 379 1158; x_wconf 58' lang='lat' dir='ltr'>bigo</span> <span class='ocrx_word' id='word_1_50' title='bbox 403 1072 495 1136; x_wconf 91' lang='lat' dir='ltr'>illum</span> <span class='ocrx_word' id='word_1_51' title='bbox 519 1070 644 1155; x_wconf 84' lang='lat' dir='ltr'>quoiast</span> <span class='ocrx_word' id='word_1_52' title='bbox 666 1070 858 1135; x_wconf 74' lang='lat' dir='ltr'>conveniam</span> <span class='ocrx_word' id='word_1_53' title='bbox 880 1079 977 1154; x_wconf 87' lang='lat' dir='ltr'>atquc</span> <span class='ocrx_word' id='word_1_54' title='bbox 1000 1067 1160 1132; x_wconf 78' lang='lat' dir='ltr'>adducam</span> <span class='ocrx_word' id='word_1_55' title='bbox 1189 1069 1252 1132; x_wconf 90' lang='lat' dir='ltr'>huc</span> <span class='ocrx_word' id='word_1_56' title='bbox 1278 1067 1319 1131; x_wconf 86' lang='lat' dir='ltr'>ad</span> 
     </span>
    </p>

    <p class='ocr_par' dir='ltr' id='par_1_4' title="bbox 1040 1176 1276 1241">
     <span class='ocr_line' id='line_1_9' title="bbox 1040 1176 1276 1241; baseline 0 -1"><span class='ocrx_word' id='word_1_57' title='bbox 1040 1187 1072 1241; x_wconf 92' lang='lat' dir='ltr'>te</span> <span class='ocrx_word' id='word_1_58' title='bbox 1097 1176 1276 1241; x_wconf 81' lang='lat' dir='ltr'>fidicinam.</span> 
     </span>
    </p>

    <p class='ocr_par' dir='ltr' id='par_1_5' title="bbox 220 1284 1320 1682">
     <span class='ocr_line' id='line_1_10' title="bbox 306 1284 1318 1374; baseline -0.006 -19"><span class='ocrx_word' id='word_1_59' title='bbox 306 1289 482 1356; x_wconf 87' lang='lat' dir='ltr'>Difficilior</span> <span class='ocrx_word' id='word_1_60' title='bbox 502 1290 543 1354; x_wconf 87' lang='lat' dir='ltr'>ad</span> <span class='ocrx_word' id='word_1_61' title='bbox 568 1289 777 1372; x_wconf 80' lang='lat' dir='ltr'>iudicandum</span> <span class='ocrx_word' id='word_1_62' title='bbox 800 1286 928 1374; x_wconf 84' lang='lat' dir='ltr'>Epidici</span> <span class='ocrx_word' id='word_1_63' title='bbox 953 1296 1002 1352; x_wconf 87' lang='lat' dir='ltr'>est</span> <span class='ocrx_word' id='word_1_64' title='bbox 1019 1287 1060 1351; x_wconf 93' lang='lat' dir='ltr'>de</span> <span class='ocrx_word' id='word_1_65' title='bbox 1072 1309 1157 1351; x_wconf 89' lang='lat' dir='ltr'>novo</span> <span class='ocrx_word' id='word_1_66' title='bbox 1170 1310 1227 1351; x_wconf 92' lang='lat' dir='ltr'>suo</span> <span class='ocrx_word' id='word_1_67' title='bbox 1243 1284 1318 1350; x_wconf 92' lang='lat' dir='ltr'>dolo</span> 
     </span>
     <span class='ocr_line' id='line_1_11' title="bbox 220 1394 1320 1483; baseline -0.008 -17"><span class='ocrx_word' id='word_1_68' title='bbox 220 1400 261 1466; x_wconf 84' lang='lat' dir='ltr'>ad</span> <span class='ocrx_word' id='word_1_69' title='bbox 282 1398 510 1464; x_wconf 76' lang='lat' dir='ltr'>adolescentes</span> <span class='ocrx_word' id='word_1_70' title='bbox 534 1397 686 1478; x_wconf 80' lang='lat' dir='ltr'>narratio,</span> <span class='ocrx_word' id='word_1_71' title='bbox 719 1420 800 1483; x_wconf 87' lang='lat' dir='ltr'>quac</span> <span class='ocrx_word' id='word_1_72' title='bbox 825 1419 1018 1480; x_wconf 87' lang='lat' dir='ltr'>quamquam</span> <span class='ocrx_word' id='word_1_73' title='bbox 1041 1396 1158 1460; x_wconf 91' lang='lat' dir='ltr'>multos</span> <span class='ocrx_word' id='word_1_74' title='bbox 1187 1394 1320 1458; x_wconf 80' lang='lat' dir='ltr'>vexavit</span> 
     </span>
     <span class='ocr_line' id='line_1_12' title="bbox 221 1505 1320 1595; baseline -0.005 -22"><span class='ocrx_word' id='word_1_75' title='bbox 221 1508 429 1595; x_wconf 83' lang='lat' dir='ltr'>interpretes,</span> <span class='ocrx_word' id='word_1_76' title='bbox 451 1507 636 1571; x_wconf 80' lang='lat' dir='ltr'>etiamnunc</span> <span class='ocrx_word' id='word_1_77' title='bbox 662 1507 818 1571; x_wconf 88' lang='lat' dir='ltr'>mendosa</span> <span class='ocrx_word' id='word_1_78' title='bbox 841 1517 900 1571; x_wconf 90' lang='lat' dir='ltr'>cst.</span> <span class='ocrx_word' id='word_1_79' title='bbox 935 1507 1093 1590; x_wconf 88' lang='lat' dir='ltr'>Legimus</span> <span class='ocrx_word' id='word_1_80' title='bbox 1116 1505 1202 1570; x_wconf 88' lang='lat' dir='ltr'>enim</span> <span class='ocrx_word' id='word_1_81' title='bbox 1219 1505 1320 1587; x_wconf 83' lang='lat'>111,2</span> 
     </span>
     <span class='ocr_line' id='line_1_13' title="bbox 220 1616 463 1682; baseline 0.004 -1"><span class='ocrx_word' id='word_1_82' title='bbox 220 1616 297 1682; x_wconf 91' lang='lat' dir='ltr'>inde</span> <span class='ocrx_word' id='word_1_83' title='bbox 318 1641 337 1681; x_wconf 91' lang='lat' dir='ltr'>a</span> <span class='ocrx_word' id='word_1_84' title='bbox 358 1640 388 1682; x_wconf 87' lang='lat' dir='ltr'>v.</span> <span class='ocrx_word' id='word_1_85' title='bbox 410 1616 463 1682; x_wconf 86' lang='lat'>18:</span> 
     </span>
    </p>
   </div>
   <div class='ocr_carea' id='block_1_3' title="bbox 306 1738 1320 2375">
    <p class='ocr_par' dir='ltr' id='par_1_6' title="bbox 306 1738 1320 2375">
     <span class='ocr_line' id='line_1_14' title="bbox 307 1738 1319 1828; baseline -0.005 -21"><span class='ocrx_word' id='word_1_86' title='bbox 307 1741 403 1807; x_wconf 92' lang='lat' dir='ltr'>Nunc</span> <span class='ocrx_word' id='word_1_87' title='bbox 429 1743 546 1806; x_wconf 88' lang='lat' dir='ltr'>lterum</span> <span class='ocrx_word' id='word_1_88' title='bbox 579 1751 613 1805; x_wconf 92' lang='lat' dir='ltr'>ut</span> <span class='ocrx_word' id='word_1_89' title='bbox 641 1740 773 1805; x_wconf 77' lang='lat' dir='ltr'>fallatur</span> <span class='ocrx_word' id='word_1_90' title='bbox 804 1750 896 1828; x_wconf 90' lang='lat' dir='ltr'>pater</span> <span class='ocrx_word' id='word_1_91' title='bbox 918 1738 1040 1826; x_wconf 90' lang='lat' dir='ltr'>tibique</span> <span class='ocrx_word' id='word_1_92' title='bbox 1074 1738 1230 1803; x_wconf 80' lang='lat' dir='ltr'>auxilium</span> <span class='ocrx_word' id='word_1_93' title='bbox 1264 1738 1319 1803; x_wconf 90' lang='lat' dir='ltr'>ad·</span> 
     </span>
     <span class='ocr_line' id='line_1_15' title="bbox 1135 1851 1278 1936; baseline -0.007 -23"><span class='ocrx_word' id='word_1_94' title='bbox 1135 1851 1278 1936; x_wconf 77' lang='lat' dir='ltr'>paretur.</span> 
     </span>
     <span class='ocr_line' id='line_1_16' title="bbox 306 1958 1320 2045; baseline -0.005 -19"><span class='ocrx_word' id='word_1_95' title='bbox 306 1959 434 2026; x_wconf 77' lang='lat' dir='ltr'>Inveni.</span> <span class='ocrx_word' id='word_1_96' title='bbox 479 1960 561 2026; x_wconf 90' lang='lat' dir='ltr'>Nam</span> <span class='ocrx_word' id='word_1_97' title='bbox 591 1959 636 2024; x_wconf 88' lang='lat' dir='ltr'>ita</span> <span class='ocrx_word' id='word_1_98' title='bbox 663 1963 751 2024; x_wconf 81' lang='lat' dir='ltr'>suasi</span> <span class='ocrx_word' id='word_1_99' title='bbox 781 1959 850 2024; x_wconf 84' lang='lat' dir='ltr'>seni</span> <span class='ocrx_word' id='word_1_100' title='bbox 883 1969 981 2045; x_wconf 90' lang='lat' dir='ltr'>atque</span> <span class='ocrx_word' id='word_1_101' title='bbox 1011 1959 1093 2022; x_wconf 88' lang='lat' dir='ltr'>hauc</span> <span class='ocrx_word' id='word_1_102' title='bbox 1123 1958 1220 2023; x_wconf 73' lang='lat' dir='ltr'>habui</span> <span class='ocrx_word' id='word_1_103' title='bbox 1251 1980 1320 2023; x_wconf 89' lang='lat' dir='ltr'>ora-</span> 
     </span>
     <span class='ocr_line' id='line_1_17' title="bbox 1111 2067 1277 2151; baseline -0.006 -18"><span class='ocrx_word' id='word_1_104' title='bbox 1111 2068 1235 2133; x_wconf 77' lang='lat' dir='ltr'>tionem</span> <span class='ocrx_word' id='word_1_105' title='bbox 1249 2067 1277 2151; x_wconf 51' lang='grc' dir='ltr'>Ἃ)</span> 
     </span>
     <span class='ocr_line' id='line_1_18' title="bbox 309 2177 1319 2267; baseline -0.001 -21"><span class='ocrx_word' id='word_1_106' title='bbox 309 2178 356 2246; x_wconf 91' lang='lat' dir='ltr'>Ut</span> <span class='ocrx_word' id='word_1_107' title='bbox 378 2181 478 2264; x_wconf 81' lang='lat' dir='ltr'>qudm</span> <span class='ocrx_word' id='word_1_108' title='bbox 500 2178 641 2244; x_wconf 89' lang='lat' dir='ltr'>redisses</span> <span class='ocrx_word' id='word_1_109' title='bbox 662 2179 705 2243; x_wconf 78' lang='lat' dir='ltr'>ne</span> <span class='ocrx_word' id='word_1_110' title='bbox 727 2180 783 2244; x_wconf 91' lang='lat' dir='ltr'>tibi</span> <span class='ocrx_word' id='word_1_111' title='bbox 807 2179 876 2245; x_wconf 89' lang='lat' dir='ltr'>eius</span> <span class='ocrx_word' id='word_1_112' title='bbox 893 2179 988 2267; x_wconf 81' lang='lat' dir='ltr'>cdpia</span> <span class='ocrx_word' id='word_1_113' title='bbox 1013 2189 1109 2244; x_wconf 89' lang='lat' dir='ltr'>esset.</span> <span class='ocrx_word' id='word_1_114' title='bbox 1133 2177 1200 2245; x_wconf 85' lang='lat' dir='ltr'>Str.</span> <span class='ocrx_word' id='word_1_115' title='bbox 1214 2178 1319 2263; x_wconf 81' lang='lat' dir='ltr'>Euge.</span> 
     </span>
     <span class='ocr_line' id='line_1_19' title="bbox 307 2283 1320 2375; baseline 0.004 -27"><span class='ocrx_word' id='word_1_116' title='bbox 307 2283 366 2375; x_wconf 78' lang='lat' dir='ltr'>Ep.</span> <span class='ocrx_word' id='word_1_117' title='bbox 402 2287 448 2352; x_wconf 84' lang='lat' dir='ltr'>Ea</span> <span class='ocrx_word' id='word_1_118' title='bbox 481 2287 544 2352; x_wconf 90' lang='lat' dir='ltr'>iam</span> <span class='ocrx_word' id='word_1_119' title='bbox 577 2288 694 2355; x_wconf 87' lang='lat' dir='ltr'>domist</span> <span class='ocrx_word' id='word_1_120' title='bbox 722 2290 882 2375; x_wconf 87' lang='lat' dir='ltr'>profilia.</span> <span class='ocrx_word' id='word_1_121' title='bbox 916 2289 982 2354; x_wconf 82' lang='lat' dir='ltr'>Str.</span> <span class='ocrx_word' id='word_1_122' title='bbox 1002 2289 1115 2353; x_wconf 88' lang='lat' dir='ltr'>Teneo</span> <span class='ocrx_word' id='word_1_123' title='bbox 1136 2288 1198 2374; x_wconf 79' lang='lat' dir='ltr'>up.</span> <span class='ocrx_word' id='word_1_124' title='bbox 1222 2287 1320 2352; x_wconf 88' lang='lat' dir='ltr'>Nune</span> 
     </span>
    </p>
   </div>
   <div class='ocr_carea' id='block_1_4' title="bbox 221 2397 1324 3682">
    <p class='ocr_par' dir='ltr' id='par_1_7' title="bbox 221 2397 1324 3682">
     <span class='ocr_line' id='line_1_20' title="bbox 1071 2397 1278 2480; baseline -0.005 -19"><span class='ocrx_word' id='word_1_125' title='bbox 1071 2407 1238 2462; x_wconf 86' lang='lat' dir='ltr'>auctorem</span> <span class='ocrx_word' id='word_1_126' title='bbox 1249 2397 1278 2480; x_wconf 77' lang='lat'>⁸)</span> 
     </span>
     <span class='ocr_line' id='line_1_21' title="bbox 311 2506 1010 2594; baseline 0 -24"><span class='ocrx_word' id='word_1_127' title='bbox 311 2506 413 2570; x_wconf 83' lang='lat' dir='ltr'>Dedit</span> <span class='ocrx_word' id='word_1_128' title='bbox 437 2506 515 2571; x_wconf 92' lang='lat' dir='ltr'>mihi</span> <span class='ocrx_word' id='word_1_129' title='bbox 537 2506 578 2570; x_wconf 90' lang='lat' dir='ltr'>ad</span> <span class='ocrx_word' id='word_1_130' title='bbox 601 2507 685 2571; x_wconf 91' lang='lat' dir='ltr'>hanc</span> <span class='ocrx_word' id='word_1_131' title='bbox 706 2529 774 2570; x_wconf 92' lang='lat' dir='ltr'>rem</span> <span class='ocrx_word' id='word_1_132' title='bbox 797 2506 1010 2594; x_wconf 77' lang='lat' dir='ltr'>Apoecidem.</span> 
     </span>
     <span class='ocr_line' id='line_1_22' title="bbox 223 2615 1323 2703; baseline 0.001 -24"><span class='ocrx_word' id='word_1_133' title='bbox 223 2615 316 2697; x_wconf 79' lang='lat' dir='ltr'>Quae</span> <span class='ocrx_word' id='word_1_134' title='bbox 338 2615 438 2679; x_wconf 89' lang='lat' dir='ltr'>verba</span> <span class='ocrx_word' id='word_1_135' title='bbox 461 2616 569 2679; x_wconf 87' lang='lat' dir='ltr'>statim</span> <span class='ocrx_word' id='word_1_136' title='bbox 591 2626 726 2703; x_wconf 88' lang='lat' dir='ltr'>apparet</span> <span class='ocrx_word' id='word_1_137' title='bbox 756 2617 909 2681; x_wconf 83' lang='lat' dir='ltr'>lacunosa</span> <span class='ocrx_word' id='word_1_138' title='bbox 940 2637 1020 2681; x_wconf 90' lang='lat' dir='ltr'>esse.</span> <span class='ocrx_word' id='word_1_139' title='bbox 1066 2615 1215 2703; x_wconf 84' lang='lat' dir='ltr'>Namque</span> <span class='ocrx_word' id='word_1_140' title='bbox 1246 2639 1323 2702; x_wconf 88' lang='lat' dir='ltr'>quo·</span> 
     </span>
     <span class='ocr_line' id='line_1_23' title="bbox 221 2717 1321 2813; baseline 0 -24"><span class='ocrx_word' id='word_1_141' title='bbox 221 2727 309 2789; x_wconf 90' lang='lat' dir='ltr'>niam</span> <span class='ocrx_word' id='word_1_142' title='bbox 330 2725 469 2789; x_wconf 87' lang='lat' dir='ltr'>ariolum</span> <span class='ocrx_word' id='word_1_143' title='bbox 489 2725 590 2790; x_wconf 86' lang='lat' dir='ltr'>fuisso</span> <span class='ocrx_word' id='word_1_144' title='bbox 613 2717 647 2789; x_wconf 91' lang='lat' dir='ltr'>ct</span> <span class='ocrx_word' id='word_1_145' title='bbox 669 2726 780 2789; x_wconf 88' lang='lat' dir='ltr'>divino</span> <span class='ocrx_word' id='word_1_146' title='bbox 795 2726 909 2811; x_wconf 86' lang='lat' dir='ltr'>spiritu</span> <span class='ocrx_word' id='word_1_147' title='bbox 921 2727 1054 2812; x_wconf 88' lang='lat' dir='ltr'>plenum</span> <span class='ocrx_word' id='word_1_148' title='bbox 1068 2725 1321 2813; x_wconf 81' lang='lat' dir='ltr'>Stratippoclem</span> 
     </span>
     <span class='ocr_line' id='line_1_24' title="bbox 224 2833 1321 2924; baseline 0.003 -27"><span class='ocrx_word' id='word_1_149' title='bbox 224 2833 380 2898; x_wconf 88' lang='lat' dir='ltr'>credibile</span> <span class='ocrx_word' id='word_1_150' title='bbox 403 2844 552 2906; x_wconf 87' lang='lat' dir='ltr'>nonest,</span> <span class='ocrx_word' id='word_1_151' title='bbox 576 2858 640 2899; x_wconf 89' lang='lat' dir='ltr'>non</span> <span class='ocrx_word' id='word_1_152' title='bbox 663 2836 768 2923; x_wconf 89' lang='lat' dir='ltr'>potuit</span> <span class='ocrx_word' id='word_1_153' title='bbox 789 2838 936 2922; x_wconf 87' lang='lat' dir='ltr'>profecto</span> <span class='ocrx_word' id='word_1_154' title='bbox 959 2861 1002 2902; x_wconf 88' lang='lat' dir='ltr'>cx</span> <span class='ocrx_word' id='word_1_155' title='bbox 1025 2838 1075 2901; x_wconf 91' lang='lat' dir='ltr'>his</span> <span class='ocrx_word' id='word_1_156' title='bbox 1097 2836 1226 2924; x_wconf 83' lang='lat' dir='ltr'>Epidici</span> <span class='ocrx_word' id='word_1_157' title='bbox 1250 2859 1321 2900; x_wconf 85' lang='lat' dir='ltr'>ver-</span> 
     </span>
     <span class='ocr_line' id='line_1_25' title="bbox 222 2943 1323 3031; baseline 0.001 -23"><span class='ocrx_word' id='word_1_158' title='bbox 222 2943 289 3009; x_wconf 86' lang='lat' dir='ltr'>bis:</span> <span class='ocrx_word' id='word_1_159' title='bbox 317 2943 372 3007; x_wconf 87' lang='lat' dir='ltr'>‘Ut</span> <span class='ocrx_word' id='word_1_160' title='bbox 396 2967 489 3031; x_wconf 80' lang='lat' dir='ltr'>quom</span> <span class='ocrx_word' id='word_1_161' title='bbox 511 2943 651 3006; x_wconf 81' lang='lat' dir='ltr'>redisses</span> <span class='ocrx_word' id='word_1_162' title='bbox 674 2968 714 3005; x_wconf 81' lang='lat' dir='ltr'>rte</span> <span class='ocrx_word' id='word_1_163' title='bbox 738 2944 800 3007; x_wconf 82' lang='lat' dir='ltr'>tibi</span> <span class='ocrx_word' id='word_1_164' title='bbox 821 2947 889 3008; x_wconf 78' lang='lat' dir='ltr'>eius</span> <span class='ocrx_word' id='word_1_165' title='bbox 911 2949 1007 3031; x_wconf 81' lang='lat' dir='ltr'>copia</span> <span class='ocrx_word' id='word_1_166' title='bbox 1030 2948 1120 3010; x_wconf 81' lang='lat' dir='ltr'>esset’</span> <span class='ocrx_word' id='word_1_167' title='bbox 1144 2945 1231 3031; x_wconf 90' lang='lat' dir='ltr'>quod</span> <span class='ocrx_word' id='word_1_168' title='bbox 1257 2954 1323 3010; x_wconf 89' lang='lat' dir='ltr'>tan·</span> 
     </span>
     <span class='ocr_line' id='line_1_26' title="bbox 223 3052 1321 3140; baseline 0.002 -24"><span class='ocrx_word' id='word_1_169' title='bbox 223 3052 298 3116; x_wconf 90' lang='lat' dir='ltr'>dem</span> <span class='ocrx_word' id='word_1_170' title='bbox 322 3061 408 3117; x_wconf 88' lang='lat' dir='ltr'>essct</span> <span class='ocrx_word' id='word_1_171' title='bbox 431 3052 519 3117; x_wconf 90' lang='lat' dir='ltr'>illius</span> <span class='ocrx_word' id='word_1_172' title='bbox 542 3053 712 3118; x_wconf 88' lang='lat' dir='ltr'>consilium</span> <span class='ocrx_word' id='word_1_173' title='bbox 738 3054 942 3140; x_wconf 82' lang='lat' dir='ltr'>intellegere.</span> <span class='ocrx_word' id='word_1_174' title='bbox 987 3056 1043 3121; x_wconf 89' lang='lat' dir='ltr'>Ad</span> <span class='ocrx_word' id='word_1_175' title='bbox 1072 3078 1154 3140; x_wconf 87' lang='lat' dir='ltr'>quae</span> <span class='ocrx_word' id='word_1_176' title='bbox 1185 3055 1211 3118; x_wconf 91' lang='lat' dir='ltr'>si</span> <span class='ocrx_word' id='word_1_177' title='bbox 1243 3056 1321 3139; x_wconf 90' lang='lat' dir='ltr'>quid</span> 
     </span>
     <span class='ocr_line' id='line_1_27' title="bbox 225 3161 1323 3247; baseline 0.006 -23"><span class='ocrx_word' id='word_1_178' title='bbox 225 3161 357 3225; x_wconf 91' lang='lat' dir='ltr'>omnino</span> <span class='ocrx_word' id='word_1_179' title='bbox 380 3162 546 3247; x_wconf 83' lang='lat' dir='ltr'>cogitavit,</span> <span class='ocrx_word' id='word_1_180' title='bbox 576 3185 613 3227; x_wconf 89' lang='lat' dir='ltr'>ca</span> <span class='ocrx_word' id='word_1_181' title='bbox 643 3162 682 3227; x_wconf 88' lang='lat' dir='ltr'>ad</span> <span class='ocrx_word' id='word_1_182' title='bbox 712 3166 848 3229; x_wconf 89' lang='lat' dir='ltr'>amicam</span> <span class='ocrx_word' id='word_1_183' title='bbox 880 3191 969 3230; x_wconf 91' lang='lat' dir='ltr'>suam</span> <span class='ocrx_word' id='word_1_184' title='bbox 994 3167 1117 3233; x_wconf 85' lang='lat' dir='ltr'>Thebis</span> <span class='ocrx_word' id='word_1_185' title='bbox 1149 3167 1323 3232; x_wconf 84' lang='lat' dir='ltr'>adductam</span> 
     </span>
     <span class='ocr_line' id='line_1_28' title="bbox 226 3271 1320 3364; baseline 0.005 -30"><span class='ocrx_word' id='word_1_186' title='bbox 226 3271 367 3335; x_wconf 87' lang='lat' dir='ltr'>referret</span> <span class='ocrx_word' id='word_1_187' title='bbox 389 3292 522 3336; x_wconf 87' lang='lat' dir='ltr'>necesse</span> <span class='ocrx_word' id='word_1_188' title='bbox 547 3281 626 3356; x_wconf 85' lang='lat' dir='ltr'>erat,</span> <span class='ocrx_word' id='word_1_189' title='bbox 645 3295 706 3338; x_wconf 92' lang='lat' dir='ltr'>nec</span> <span class='ocrx_word' id='word_1_190' title='bbox 727 3284 856 3361; x_wconf 87' lang='lat' dir='ltr'>poterat</span> <span class='ocrx_word' id='word_1_191' title='bbox 876 3275 944 3339; x_wconf 91' lang='lat' dir='ltr'>ullo</span> <span class='ocrx_word' id='word_1_192' title='bbox 967 3276 1063 3340; x_wconf 87' lang='lat' dir='ltr'>modo</span> <span class='ocrx_word' id='word_1_193' title='bbox 1087 3277 1185 3364; x_wconf 72' lang='lat' dir='ltr'>‘eope&#39;</span> <span class='ocrx_word' id='word_1_194' title='bbox 1212 3275 1320 3340; x_wconf 89' lang='lat' dir='ltr'>excla-</span> 
     </span>
     <span class='ocr_line' id='line_1_29' title="bbox 225 3366 1321 3472; baseline 0.005 -28"><span class='ocrx_word' id='word_1_195' title='bbox 225 3379 345 3444; x_wconf 86' lang='lat' dir='ltr'>mando</span> <span class='ocrx_word' id='word_1_196' title='bbox 371 3366 595 3469; x_wconf 82' lang='lat' dir='ltr'>comprobare.¹</span> <span class='ocrx_word' id='word_1_197' title='bbox 628 3382 699 3447; x_wconf 87' lang='lat' dir='ltr'>Nec</span> <span class='ocrx_word' id='word_1_198' title='bbox 714 3384 799 3468; x_wconf 88' lang='lat' dir='ltr'>fugit</span> <span class='ocrx_word' id='word_1_199' title='bbox 814 3386 876 3449; x_wconf 89' lang='lat' dir='ltr'>boc</span> <span class='ocrx_word' id='word_1_200' title='bbox 891 3384 979 3449; x_wconf 90' lang='lat' dir='ltr'>viros</span> <span class='ocrx_word' id='word_1_201' title='bbox 993 3385 1116 3468; x_wconf 80' lang='lat' dir='ltr'>doctos,</span> <span class='ocrx_word' id='word_1_202' title='bbox 1140 3385 1193 3472; x_wconf 90' lang='lat' dir='ltr'>qui</span> <span class='ocrx_word' id='word_1_203' title='bbox 1213 3395 1321 3449; x_wconf 87' lang='lat' dir='ltr'>tamen</span> 
     </span>
     <span class='ocr_line' id='line_1_30' title="bbox 222 3488 1324 3581; baseline 0.005 -28"><span class='ocrx_word' id='word_1_204' title='bbox 222 3489 255 3553; x_wconf 92' lang='lat' dir='ltr'>in</span> <span class='ocrx_word' id='word_1_205' title='bbox 279 3488 357 3554; x_wconf 89' lang='lat' dir='ltr'>sede</span> <span class='ocrx_word' id='word_1_206' title='bbox 380 3489 515 3554; x_wconf 90' lang='lat' dir='ltr'>lacunae</span> <span class='ocrx_word' id='word_1_207' title='bbox 538 3491 708 3556; x_wconf 88' lang='lat' dir='ltr'>statuenda</span> <span class='ocrx_word' id='word_1_208' title='bbox 731 3502 889 3575; x_wconf 87' lang='lat' dir='ltr'>errarunt,</span> <span class='ocrx_word' id='word_1_209' title='bbox 919 3517 992 3558; x_wconf 87' lang='lat' dir='ltr'>eum</span> <span class='ocrx_word' id='word_1_210' title='bbox 1022 3503 1096 3581; x_wconf 86' lang='lat' dir='ltr'>post</span> <span class='ocrx_word' id='word_1_211' title='bbox 1127 3517 1258 3558; x_wconf 90' lang='lat' dir='ltr'>versum</span> <span class='ocrx_word' id='word_1_212' title='bbox 1282 3495 1324 3558; x_wconf 75' lang='lat'>20</span> 
     </span>
     <span class='ocr_line' id='line_1_31' title="bbox 226 3598 1322 3682; baseline 0.005 -19"><span class='ocrx_word' id='word_1_213' title='bbox 226 3599 358 3663; x_wconf 91' lang='lat' dir='ltr'>demum</span> <span class='ocrx_word' id='word_1_214' title='bbox 384 3598 541 3682; x_wconf 89' lang='lat' dir='ltr'>quaedam</span> <span class='ocrx_word' id='word_1_215' title='bbox 569 3601 731 3667; x_wconf 88' lang='lat' dir='ltr'>excidisse</span> <span class='ocrx_word' id='word_1_216' title='bbox 754 3603 997 3669; x_wconf 87' lang='lat' dir='ltr'>arbitrarentur.</span> <span class='ocrx_word' id='word_1_217' title='bbox 1042 3603 1090 3668; x_wconf 85' lang='lat' dir='ltr'>Eo</span> <span class='ocrx_word' id='word_1_218' title='bbox 1122 3603 1155 3666; x_wconf 94' lang='lat' dir='ltr'>in</span> <span class='ocrx_word' id='word_1_219' title='bbox 1187 3625 1322 3668; x_wconf 89' lang='lat' dir='ltr'>numero</span> 
     </span>
    </p>
   </div>
   <div class='ocr_carea' id='block_1_5' title="bbox 223 3850 1322 4013">
    <p class='ocr_par' dir='ltr' id='par_1_8' title="bbox 223 3850 1322 4013">
     <span class='ocr_line' id='line_1_32' title="bbox 295 3850 1322 3949; baseline 0.004 -45"><span class='ocrx_word' id='word_1_220' title='bbox 295 3851 323 3920; x_wconf 82' lang='lat'>2)</span> <span class='ocrx_word' id='word_1_221' title='bbox 340 3850 542 3949; x_wconf 72' lang='lat' dir='ltr'>InveniNam:</span> <span class='ocrx_word' id='word_1_222' title='bbox 560 3852 590 3906; x_wconf 90' lang='lat' dir='ltr'>M</span> <span class='ocrx_word' id='word_1_223' title='bbox 608 3852 751 3919; x_wconf 84' lang='lat' dir='ltr'>(i.e.d1ss&#39;.</span> <span class='ocrx_word' id='word_1_224' title='bbox 771 3855 904 3925; x_wconf 85' lang='lat' dir='ltr'>scriptor)</span> <span class='ocrx_word' id='word_1_225' title='bbox 922 3856 1062 3910; x_wconf 86' lang='lat' dir='ltr'>inveniam</span> <span class='ocrx_word' id='word_1_226' title='bbox 1075 3856 1126 3911; x_wconf 88' lang='lat' dir='ltr'>VR</span> <span class='ocrx_word' id='word_1_227' title='bbox 1139 3855 1233 3911; x_wconf 86' lang='lat' dir='ltr'>inveni</span> <span class='ocrx_word' id='word_1_228' title='bbox 1251 3856 1322 3909; x_wconf 89' lang='lat' dir='ltr'>iam:</span> 
     </span>
     <span class='ocr_line' id='line_1_33' title="bbox 223 3947 666 4013; baseline 0.002 -11"><span class='ocrx_word' id='word_1_229' title='bbox 223 3947 375 4012; x_wconf 84' lang='lat' dir='ltr'>Acidalius‚</span> <span class='ocrx_word' id='word_1_230' title='bbox 394 3948 521 4013; x_wconf 88' lang='lat' dir='ltr'>Bothius,</span> <span class='ocrx_word' id='word_1_231' title='bbox 540 3949 666 4004; x_wconf 83' lang='lat' dir='ltr'>Iacobus.</span> 
     </span>
    </p>
   </div>
   <div class='ocr_carea' id='block_1_6' title="bbox 224 4044 1323 4215">
    <p class='ocr_par' dir='ltr' id='par_1_9' title="bbox 224 4044 1323 4215">
     <span class='ocr_line' id='line_1_34' title="bbox 295 4044 1323 4115; baseline 0.001 -18"><span class='ocrx_word' id='word_1_232' title='bbox 295 4045 322 4113; x_wconf 83' lang='lat'>3)</span> <span class='ocrx_word' id='word_1_233' title='bbox 340 4044 397 4098; x_wconf 89' lang='lat' dir='ltr'>Pro</span> <span class='ocrx_word' id='word_1_234' title='bbox 416 4044 485 4099; x_wconf 85' lang='lat' dir='ltr'>filia:</span> <span class='ocrx_word' id='word_1_235' title='bbox 504 4045 593 4111; x_wconf 86' lang='lat' dir='ltr'>Acid,</span> <span class='ocrx_word' id='word_1_236' title='bbox 611 4046 732 4111; x_wconf 83' lang='lat' dir='ltr'>Brixiae,</span> <span class='ocrx_word' id='word_1_237' title='bbox 755 4046 863 4100; x_wconf 91' lang='lat' dir='ltr'>emend.</span> <span class='ocrx_word' id='word_1_238' title='bbox 880 4045 972 4100; x_wconf 90' lang='lat' dir='ltr'>Plaut.</span> <span class='ocrx_word' id='word_1_239' title='bbox 992 4063 1019 4115; x_wconf 88' lang='lat' dir='ltr'>p.</span> <span class='ocrx_word' id='word_1_240' title='bbox 1033 4049 1074 4111; x_wconf 84' lang='lat'>17,</span> <span class='ocrx_word' id='word_1_241' title='bbox 1094 4045 1173 4099; x_wconf 89' lang='lat' dir='ltr'>cuius</span> <span class='ocrx_word' id='word_1_242' title='bbox 1192 4044 1323 4098; x_wconf 87' lang='lat' dir='ltr'>emenda·</span> 
     </span>
     <span class='ocr_line' id='line_1_35' title="bbox 224 4141 1304 4215; baseline -0.002 -19"><span class='ocrx_word' id='word_1_243' title='bbox 224 4141 310 4196; x_wconf 88' lang='lat' dir='ltr'>tionis</span> <span class='ocrx_word' id='word_1_244' title='bbox 329 4143 365 4197; x_wconf 91' lang='lat' dir='ltr'>de</span> <span class='ocrx_word' id='word_1_245' title='bbox 382 4143 501 4197; x_wconf 80' lang='lat' dir='ltr'>veritate</span> <span class='ocrx_word' id='word_1_246' title='bbox 519 4161 576 4199; x_wconf 91' lang='lat' dir='ltr'>non</span> <span class='ocrx_word' id='word_1_247' title='bbox 594 4143 702 4198; x_wconf 89' lang='lat' dir='ltr'>dubito.</span> <span class='ocrx_word' id='word_1_248' title='bbox 723 4143 787 4199; x_wconf 82' lang='lat' dir='ltr'>VR:</span> <span class='ocrx_word' id='word_1_249' title='bbox 809 4149 865 4215; x_wconf 80' lang='lat' dir='ltr'>‘pro</span> <span class='ocrx_word' id='word_1_250' title='bbox 884 4144 945 4199; x_wconf 75' lang='lat' dir='ltr'>a&#39;llc’</span> <span class='ocrx_word' id='word_1_251' title='bbox 963 4160 1020 4198; x_wconf 86' lang='lat' dir='ltr'>uon</span> <span class='ocrx_word' id='word_1_252' title='bbox 1039 4143 1074 4198; x_wconf 91' lang='lat' dir='ltr'>ab</span> <span class='ocrx_word' id='word_1_253' title='bbox 1093 4142 1191 4197; x_wconf 90' lang='lat' dir='ltr'>eadem</span> <span class='ocrx_word' id='word_1_254' title='bbox 1210 4159 1304 4195; x_wconf 89' lang='lat' dir='ltr'>manu.</span> 
     </span>
    </p>
   </div>
   <div class='ocr_carea' id='block_1_7' title="bbox 0 0 1422 4830">
    <p class='ocr_par' dir='ltr' id='par_1_10' title="bbox 0 0 1422 4830">
     <span class='ocr_line' id='line_1_36' title="bbox 0 0 1422 4830; baseline 0 0"><span class='ocrx_word' id='word_1_255' title='bbox 0 0 1422 4830; x_wconf 95' lang='lat' dir='ltr'> </span> 
     </span>
    </p>
   </div>
  </div>
 </body>
</html>
