2820 4830
736 272 777 337 22

259 484 262 491 ·
295 482 298 486 ·
339 485 344 493 ·
858 460 919 547 Ep.
941 459 985 524 ibi
1004 458 1135 523 illarum
1157 456 1262 522 ditera

209 621 214 628 ,
287 567 383 633 Dixit
410 568 470 652 illi,
501 572 632 654 quicum
661 569 731 656 ipsa
760 567 838 633 ibat.
880 567 939 632 Pe.
968 565 1082 648 Quid?
1117 567 1179 654 Ep.
1212 564 1304 632 Tace

968 699 1060 762 ergo,
1083 686 1119 739 ut
1140 674 1262 739 midias.

289 786 469 870 Pdstquam
491 785 583 850 illam
607 795 682 851 sunt
707 785 928 873 ednspieatae,
956 789 1054 870 quam
1081 794 1155 851 tuus
1183 793 1305 870 gnatus

155 975 161 983 ·
455 955 457 959 ,
989 902 992 907 “
1114 891 1262 980 deperit:

199 1043 203 1049 >
290 1001 396 1082 Quam
419 1002 518 1068 facile
541 1012 574 1068 et
597 1025 693 1088 quam
715 1004 883 1068 fdrtunate
906 1001 956 1067 illi
980 1001 1102 1082 evenit,
1125 1002 1272 1067 dbseero.

290 1136 439 1217 Quorum
453 1160 608 1203 versuum
621 1138 774 1203 ultimum
789 1161 863 1205 eum
878 1139 1091 1224 sequentibus
1105 1137 1306 1203 Ritsehelius

206 1246 360 1328 restituit,
383 1248 467 1335 prel.
488 1271 519 1335 p.
537 1247 587 1312 87.
620 1247 766 1315 Offendo
793 1270 856 1333 ege
878 1248 911 1312 in
935 1270 984 1331 eo,
1008 1247 1095 1334 quod
1114 1258 1187 1336 post
1206 1250 1308 1314 verba

206 1355 338 1444 Epidici
360 1359 442 1420 ‘tace
465 1351 554 1442 erpo,
576 1372 611 1420 ut
634 1358 761 1421 audaea'
786 1380 853 1423 nen
875 1359 992 1442 statim,
1013 1367 1050 1421 ut
1065 1367 1306 1445 exspectamus,

207 1465 355 1551 sequitur
377 1465 479 1552 ipsius
501 1466 647 1531 mulieris
674 1466 787 1549 oratio,
820 1467 880 1531 sed
909 1467 1020 1549 verba,
1052 1489 1135 1552 quae
1165 1464 1205 1528 ad
1234 1486 1306 1529 eam

209 1568 276 1638 non
298 1575 476 1662 pertinent.
511 1576 677 1641 Desidere
692 1598 793 1664 porra
813 1586 888 1664 pest
910 1576 984 1642 illa:
1008 1579 1193 1663 ‘Postquam
1215 1575 1307 1639 illam

209 1697 282 1747 aaut
304 1687 523 1770 eoaspa'aataa’
548 1685 706 1749 enuntiati
730 1684 819 1770 qued
843 1685 991 1771 sequitur
1016 1686 1154 1751 verbum
1176 1685 1306 1750 finitum

208 1794 262 1859 vel
285 1794 368 1858 adeo
393 1795 526 1859 omnine
547 1794 717 1882 apodosin,
742 1795 795 1859 cui
817 1793 982 1860 desideria
997 1795 1145 1881 quamvis
1161 1794 1307 1878 satisfiat,

209 1902 235 1967 si
254 1904 452 1969 scribamus:

228 2007 231 2011 ’
294 2012 400 2093 Quam
420 2012 528 2096 facile,
549 2013 665 2099 inquit,
682 2016 779 2098 quam
792 2013 957 2077 fortunate
972 2011 1021 2076 ssli
1034 2013 1146 2077 evenit
1157 2013 1308 2101 epseero,

210 2132 321 2187 tamen
342 2122 427 2186 hane
453 2120 726 2204 emendationem,
749 2120 802 2186 eui
823 2144 842 2185 a
863 2121 1022 2187 librorum
1045 2121 1202 2186 memoria
1224 2121 1308 2184 nihil

212 2231 356 2320 praesidi
379 2242 529 2320 paratum
559 2231 609 2313 sit,
641 2231 796 2317 equidem
819 2231 917 2296 tutari
940 2254 1005 2296 nen
1032 2232 1143 2297 ausim.
1187 2232 1308 2298 Trans-

211 2364 298 2428 peno
324 2341 432 2428 potius
454 2363 484 2406 v.
501 2341 640 2406 58‘ante
661 2363 794 2406 versum
816 2340 1022 2425 collocando,
1047 2342 1102 2427 qui
1125 2364 1214 2407 nune
1232 2365 1308 2408 eum

208 2449 386 2538 praeeedit.
577 2444 583 2456 '

291 2584 326 2667 b)
351 2584 464 2669 111,2,
488 2584 570 2648 6-7
591 2584 692 2670 vulgo
716 2584 922 2652 scribuntur:

576 2692 636 2781 Ep.
660 2730 699 2741 -
723 2692 782 2758 sed
806 2715 869 2777 ege
891 2693 968 2757 hinc
991 2692 1136 2777 migrare
1163 2714 1266 2776 cesso,

293 2803 341 2872 Ut
364 2805 538 2890 importem
553 2802 587 2865 in
605 2801 768 2896 eeldniam
780 2803 869 2867 hune
881 2801 1025 2895 auspicio
1041 2806 1258 2866 commeatum
1270 2802 1308 2886 4).

292 2935 360 3004 Sed
375 2936 583 2999 manifestum
596 2946 646 3001 est
669 2937 848 3021 ‘auspicio’,
874 2957 1070 3020 quamquam
1085 2934 1234 3000 aBethio
1247 2957 1309 3023 per

210 3047 400 3130 ‘auspicato’
424 3044 619 3133 explicatur,
650 3067 711 3133 per
740 3068 775 3109 se
805 3055 890 3110 stare
921 3067 987 3109 nen
1015 3066 1122 3133 posse.
1166 3044 1308 3109 Videtur

210 3153 313 3238 igitur
335 3176 395 3242 pro
423 3154 527 3217 ‘karae’
549 3154 734 3218 accusativo
766 3154 944 3218 ablativum
972 3154 1051 3218 ‘hoe‘
1080 3154 1309 3241 reponendum

211 3285 295 3345 esse,
318 3263 373 3348 qui
396 3262 435 3326 ad
460 3265 561 3328 verba
586 3265 627 3328 sit
647 3262 856 3346 referendus,
879 3286 962 3348 quae
981 3262 1197 3328 antecedunt:

293 3371 358 3436 Pro
382 3371 414 3436 di
437 3373 647 3455 immortales,
671 3373 714 3436 mi
738 3373 825 3437 haine
839 3372 926 3437 diem
943 3371 1079 3437 dedistis
1092 3373 1308 3438 luculentum.

295 3481 542 3566 ffiffizw

294 3591 468 3656 Pdstremo
491 3591 571 3655 haee
595 3613 667 3655 mea
690 3590 787 3678 erilpa
812 3600 967 3656 nonest:
995 3593 1079 3677 quae'
1103 3589 1214 3673 didici,
1240 3588 1311 3652 dixi

1149 3698 1267 3766 dmnia.

295 3810 362 3877 Ubi
386 3833 460 3875 eum
483 3811 616 3876 fidicina
642 3833 707 3887 nen
738 3833 828 3875 suam
860 3831 932 3875 esse
960 3811 1091 3897 eulpam
1123 3808 1309 3893 significare

213 3919 326 4000 veliet,
350 3943 416 3983 nen
440 3943 474 3985 se
498 3921 605 3985 omnia
620 3921 754 4003 dixisse,
775 3943 857 4007 quae
876 3919 1054 4003 didicisset,
1075 3916 1311 3983 inculcandum

283 4173 310 4241 4)
328 4173 422 4227 Hune:
442 4178 539 4242 aelym-
557 4169 631 4224 hune
649 4132 815 4223 HunezVR.
