<?xml version="1.0" encoding="UTF-8"?>
<!DOCTYPE html PUBLIC "-//W3C//DTD XHTML 1.0 Transitional//EN"
    "http://www.w3.org/TR/xhtml1/DTD/xhtml1-transitional.dtd">
<html xmlns="http://www.w3.org/1999/xhtml" xml:lang="en" lang="en">
 <head>
  <title>
</title>
<meta http-equiv="Content-Type" content="text/html;charset=utf-8" />
  <meta name='ocr-system' content='tesseract 3.04.00' />
  <meta name='ocr-capabilities' content='ocr_page ocr_carea ocr_par ocr_line ocrx_word'/>
</head>
<body>
  <div class='ocr_page' id='page_1' title='image "./deplautiepidico01muelgoog_0059.png"; bbox 0 0 2820 4830; ppageno 0'>
   <div class='ocr_carea' id='block_1_1' title="bbox 725 241 767 307">
    <p class='ocr_par' dir='ltr' id='par_1_1' title="bbox 725 241 767 307">
     <span class='ocr_line' id='line_1_1' title="bbox 725 241 767 307; baseline 0 0"><span class='ocrx_word' id='word_1_1' title='bbox 725 241 767 307; x_wconf 81' lang='lat'><strong>50</strong></span> 
     </span>
    </p>
   </div>
   <div class='ocr_carea' id='block_1_2' title="bbox 196 416 1296 859">
    <p class='ocr_par' dir='ltr' id='par_1_2' title="bbox 196 416 1296 859">
     <span class='ocr_line' id='line_1_2' title="bbox 196 416 1296 512; baseline -0.005 -21"><span class='ocrx_word' id='word_1_2' title='bbox 196 441 261 491; x_wconf 88' lang='lat' dir='ltr'><strong>non</strong></span> <span class='ocrx_word' id='word_1_3' title='bbox 284 423 399 488; x_wconf 90' lang='lat' dir='ltr'><strong>inutile</strong></span> <span class='ocrx_word' id='word_1_4' title='bbox 422 424 483 489; x_wconf 88' lang='lat' dir='ltr'><strong>crit</strong></span> <span class='ocrx_word' id='word_1_5' title='bbox 506 425 583 490; x_wconf 83' lang='lat' dir='ltr'><strong>tales</strong></span> <span class='ocrx_word' id='word_1_6' title='bbox 609 447 736 512; x_wconf 88' lang='lat' dir='ltr'><strong>quoque</strong></span> <span class='ocrx_word' id='word_1_7' title='bbox 760 426 941 490; x_wconf 83' lang='lat' dir='ltr'><strong>enotavisse</strong></span> <span class='ocrx_word' id='word_1_8' title='bbox 963 416 1146 512; x_wconf 80' lang='lat' dir='ltr'><strong>&#39;scripturae</strong></span> <span class='ocrx_word' id='word_1_9' title='bbox 1177 422 1296 489; x_wconf 86' lang='lat' dir='ltr'><strong>discre-</strong></span> 
     </span>
     <span class='ocr_line' id='line_1_3' title="bbox 197 532 1295 620; baseline -0.001 -22"><span class='ocrx_word' id='word_1_10' title='bbox 197 535 333 619; x_wconf 85' lang='lat' dir='ltr'><strong>pantias,</strong></span> <span class='ocrx_word' id='word_1_11' title='bbox 344 534 456 620; x_wconf 88' lang='lat' dir='ltr'><strong>quales</strong></span> <span class='ocrx_word' id='word_1_12' title='bbox 468 534 584 601; x_wconf 86' lang='lat' dir='ltr'><strong>habes:</strong></span> <span class='ocrx_word' id='word_1_13' title='bbox 603 533 707 600; x_wconf 87' lang='lat' dir='ltr'><strong>Stich.</strong></span> <span class='ocrx_word' id='word_1_14' title='bbox 720 534 792 618; x_wconf 78' lang='grc'>707,</span> <span class='ocrx_word' id='word_1_15' title='bbox 804 533 894 598; x_wconf 90' lang='lat' dir='ltr'><strong>Trin.</strong></span> <span class='ocrx_word' id='word_1_16' title='bbox 903 532 976 617; x_wconf 79' lang='lat'><strong>470,</strong></span> <span class='ocrx_word' id='word_1_17' title='bbox 992 533 1080 598; x_wconf 87' lang='lat' dir='ltr'><strong>Pers.</strong></span> <span class='ocrx_word' id='word_1_18' title='bbox 1093 532 1155 597; x_wconf 82' lang='lat'><strong>516</strong></span> <span class='ocrx_word' id='word_1_19' title='bbox 1172 532 1295 597; x_wconf 73' lang='lat' dir='ltr'><strong>et2981</strong></span> 
     </span>
     <span class='ocr_line' id='line_1_4' title="bbox 282 641 1295 730; baseline -0.006 -22"><span class='ocrx_word' id='word_1_20' title='bbox 282 641 430 708; x_wconf 77' lang='lat' dir='ltr'><strong>Ctntiost</strong></span> <span class='ocrx_word' id='word_1_21' title='bbox 446 646 590 730; x_wconf 33' lang='lat' dir='ltr'><strong>graecats</strong></span> <span class='ocrx_word' id='word_1_22' title='bbox 607 643 693 723; x_wconf 81' lang='lat' dir='ltr'><strong>libri,</strong></span> <span class='ocrx_word' id='word_1_23' title='bbox 706 654 820 726; x_wconf 79' lang='lat' dir='ltr'><strong>paeter</strong></span> <span class='ocrx_word' id='word_1_24' title='bbox 840 641 879 724; x_wconf 77' lang='lat' dir='ltr'><strong>n,</strong></span> <span class='ocrx_word' id='word_1_25' title='bbox 896 644 970 728; x_wconf 82' lang='lat' dir='ltr'><strong>qai:</strong></span> <span class='ocrx_word' id='word_1_26' title='bbox 994 642 1110 704; x_wconf 77' lang='lat' dir='ltr'><strong>‘cantio</strong></span> <span class='ocrx_word' id='word_1_27' title='bbox 1125 643 1295 726; x_wconf 75' lang='lat' dir='ltr'><strong>graecast’.</strong></span> 
     </span>
     <span class='ocr_line' id='line_1_5' title="bbox 278 749 1294 859; baseline 0 -43"><span class='ocrx_word' id='word_1_28' title='bbox 278 751 440 839; x_wconf 80' lang='lat' dir='ltr'><strong>Adpdsita</strong></span> <span class='ocrx_word' id='word_1_29' title='bbox 463 752 504 815; x_wconf 90' lang='lat' dir='ltr'><strong>sit</strong></span> <span class='ocrx_word' id='word_1_30' title='bbox 539 757 629 835; x_wconf 77' lang='lat' dir='ltr'><strong>cena,</strong></span> <span class='ocrx_word' id='word_1_31' title='bbox 670 750 861 838; x_wconf 84' lang='lat' dir='ltr'>popularem</span> <span class='ocrx_word' id='word_1_32' title='bbox 896 754 991 834; x_wconf 78' lang='lat' dir='ltr'><strong>quam</strong></span> <span class='ocrx_word' id='word_1_33' title='bbox 1024 759 1160 815; x_wconf 88' lang='lat' dir='ltr'><strong>vocant:</strong></span> <span class='ocrx_word' id='word_1_34' title='bbox 1192 749 1294 859; x_wconf 50' lang='lat' dir='ltr'><strong>BQD.</strong></span> 
     </span>
    </p>
   </div>
   <div class='ocr_carea' id='block_1_3' title="bbox 280 859 1295 1049">
    <p class='ocr_par' dir='ltr' id='par_1_3' title="bbox 280 859 1295 1049">
     <span class='ocr_line' id='line_1_6' title="bbox 1024 859 1252 924; baseline 0.004 -2"><span class='ocrx_word' id='word_1_35' title='bbox 1024 881 1104 922; x_wconf 86' lang='lat' dir='ltr'><strong>cena</strong></span> <span class='ocrx_word' id='word_1_36' title='bbox 1126 859 1187 924; x_wconf 88' lang='lat' dir='ltr'><strong>sit:</strong></span> <span class='ocrx_word' id='word_1_37' title='bbox 1211 860 1252 923; x_wconf 90' lang='lat' dir='ltr'><strong>A.</strong></span> 
     </span>
     <span class='ocr_line' id='line_1_7' title="bbox 280 952 1295 1049; baseline -0.002 -18"><span class='ocrx_word' id='word_1_38' title='bbox 280 968 375 1049; x_wconf 77' lang='lat' dir='ltr'><strong>Quae</strong></span> <span class='ocrx_word' id='word_1_39' title='bbox 401 965 499 1030; x_wconf 81' lang='lat' dir='ltr'>istaec</span> <span class='ocrx_word' id='word_1_40' title='bbox 521 963 651 1028; x_wconf 76' lang='lat' dir='ltr'><strong>fortuna</strong></span> <span class='ocrx_word' id='word_1_41' title='bbox 673 952 867 1030; x_wconf 85' lang='lat' dir='ltr'><strong>lucrificast:</strong></span> <span class='ocrx_word' id='word_1_42' title='bbox 890 963 981 1040; x_wconf 63' lang='lat' dir='ltr'><strong>liora</strong></span> <span class='ocrx_word' id='word_1_43' title='bbox 1006 963 1207 1029; x_wconf 87' lang='lat' dir='ltr'><strong>lucrifibaest</strong></span> <span class='ocrx_word' id='word_1_44' title='bbox 1230 965 1295 1029; x_wconf 83' lang='lat' dir='ltr'><strong>for-</strong></span> 
     </span>
    </p>
   </div>
   <div class='ocr_carea' id='block_1_4' title="bbox 191 1073 1381 3882">
    <p class='ocr_par' dir='ltr' id='par_1_4' title="bbox 278 1073 1292 1268">
     <span class='ocr_line' id='line_1_8' title="bbox 1096 1073 1252 1164; baseline 0.026 -29"><span class='ocrx_word' id='word_1_45' title='bbox 1096 1082 1186 1164; x_wconf 88' lang='lat' dir='ltr'><strong>tuna:</strong></span> <span class='ocrx_word' id='word_1_46' title='bbox 1211 1073 1252 1139; x_wconf 83' lang='lat' dir='ltr'><strong>A.</strong></span> 
     </span>
     <span class='ocr_line' id='line_1_9' title="bbox 278 1177 1292 1268; baseline -0.001 -20"><span class='ocrx_word' id='word_1_47' title='bbox 278 1182 363 1248; x_wconf 90' lang='lat' dir='ltr'><strong>Nam</strong></span> <span class='ocrx_word' id='word_1_48' title='bbox 384 1182 500 1246; x_wconf 75' lang='lat' dir='ltr'><strong>umbra</strong></span> <span class='ocrx_word' id='word_1_49' title='bbox 522 1202 594 1246; x_wconf 88' lang='lat' dir='ltr'><strong>mea</strong></span> <span class='ocrx_word' id='word_1_50' title='bbox 616 1181 702 1247; x_wconf 86' lang='lat' dir='ltr'><strong>intus</strong></span> <span class='ocrx_word' id='word_1_51' title='bbox 733 1177 880 1268; x_wconf 74' lang='lat' dir='ltr'><strong>vapulati</strong></span> <span class='ocrx_word' id='word_1_52' title='bbox 913 1181 1006 1264; x_wconf 86' lang='lat' dir='ltr'><strong>libri;</strong></span> <span class='ocrx_word' id='word_1_53' title='bbox 1048 1185 1091 1249; x_wconf 64' lang='lat' dir='ltr'><strong>d:</strong></span> <span class='ocrx_word' id='word_1_54' title='bbox 1131 1206 1228 1248; x_wconf 80' lang='lat' dir='ltr'><strong>inca.</strong></span> <span class='ocrx_word' id='word_1_55' title='bbox 1254 1232 1292 1248; x_wconf 91' lang='lat'><strong>..</strong></span> 
     </span>
    </p>

    <p class='ocr_par' dir='ltr' id='par_1_5' title="bbox 196 1292 1295 1485">
     <span class='ocr_line' id='line_1_10' title="bbox 1154 1292 1252 1357; baseline 0.01 -2"><span class='ocrx_word' id='word_1_56' title='bbox 1154 1292 1252 1357; x_wconf 86' lang='lat' dir='ltr'><strong>intus.</strong></span> 
     </span>
     <span class='ocr_line' id='line_1_11' title="bbox 196 1399 1295 1485; baseline 0.001 -19"><span class='ocrx_word' id='word_1_57' title='bbox 196 1409 239 1485; x_wconf 86' lang='lat' dir='ltr'><strong>et,</strong></span> <span class='ocrx_word' id='word_1_58' title='bbox 260 1410 297 1465; x_wconf 90' lang='lat' dir='ltr'><strong>ut</strong></span> <span class='ocrx_word' id='word_1_59' title='bbox 317 1400 354 1468; x_wconf 90' lang='lat' dir='ltr'><strong>fit</strong></span> <span class='ocrx_word' id='word_1_60' title='bbox 374 1399 560 1484; x_wconf 84' lang='lat' dir='ltr'><strong>aliquando,</strong></span> <span class='ocrx_word' id='word_1_61' title='bbox 592 1400 735 1466; x_wconf 83' lang='lat' dir='ltr'><strong>deterior</strong></span> <span class='ocrx_word' id='word_1_62' title='bbox 759 1401 792 1464; x_wconf 92' lang='lat' dir='ltr'><strong>in</strong></span> <span class='ocrx_word' id='word_1_63' title='bbox 817 1400 953 1465; x_wconf 87' lang='lat' dir='ltr'><strong>meliore</strong></span> <span class='ocrx_word' id='word_1_64' title='bbox 976 1399 1091 1465; x_wconf 89' lang='lat' dir='ltr'><strong>codice</strong></span> <span class='ocrx_word' id='word_1_65' title='bbox 1115 1401 1210 1466; x_wconf 88' lang='lat' dir='ltr'><strong>lectio</strong></span> <span class='ocrx_word' id='word_1_66' title='bbox 1239 1424 1295 1467; x_wconf 82' lang='lat' dir='ltr'><strong>ex·</strong></span> 
     </span>
    </p>

    <p class='ocr_par' dir='ltr' id='par_1_6' title="bbox 195 1509 1294 1688">
     <span class='ocr_line' id='line_1_12' title="bbox 195 1509 1238 1604; baseline -0.001 -28"><span class='ocrx_word' id='word_1_67' title='bbox 195 1520 256 1576; x_wconf 88' lang='lat' dir='ltr'><strong>stat</strong></span> <span class='ocrx_word' id='word_1_68' title='bbox 279 1509 397 1576; x_wconf 81' lang='lat' dir='ltr'><strong>Pseud.</strong></span> <span class='ocrx_word' id='word_1_69' title='bbox 419 1509 496 1575; x_wconf 75' lang='lat'>379:</span> <span class='ocrx_word' id='word_1_70' title='bbox 1234 1597 1238 1604; x_wconf 19' lang='lat'><strong>⁶</strong></span> 
     </span>
     <span class='ocr_line' id='line_1_13' title="bbox 277 1617 1294 1688; baseline 0.004 -4"><span class='ocrx_word' id='word_1_71' title='bbox 277 1619 370 1685; x_wconf 73' lang='lat' dir='ltr'><strong>Haec</strong></span> <span class='ocrx_word' id='word_1_72' title='bbox 403 1617 566 1685; x_wconf 80' lang='lat' dir='ltr'><strong>sentcntit</strong></span> <span class='ocrx_word' id='word_1_73' title='bbox 587 1639 658 1682; x_wconf 88' lang='lat' dir='ltr'><strong>mea</strong></span> <span class='ocrx_word' id='word_1_74' title='bbox 682 1627 747 1684; x_wconf 90' lang='lat' dir='ltr'><strong>est:</strong></span> <span class='ocrx_word' id='word_1_75' title='bbox 782 1619 824 1683; x_wconf 84' lang='lat' dir='ltr'><strong>A.</strong></span> <span class='ocrx_word' id='word_1_76' title='bbox 846 1619 927 1684; x_wconf 75' lang='lat' dir='ltr'><strong>haec</strong></span> <span class='ocrx_word' id='word_1_77' title='bbox 951 1641 1021 1684; x_wconf 88' lang='lat' dir='ltr'><strong>mea</strong></span> <span class='ocrx_word' id='word_1_78' title='bbox 1043 1630 1095 1685; x_wconf 84' lang='lat' dir='ltr'><strong>est</strong></span> <span class='ocrx_word' id='word_1_79' title='bbox 1115 1621 1294 1688; x_wconf 78' lang='lat' dir='ltr'><strong>sententia:</strong></span> 
     </span>
    </p>

    <p class='ocr_par' dir='ltr' id='par_1_7' title="bbox 194 1729 1294 2142">
     <span class='ocr_line' id='line_1_14' title="bbox 1104 1729 1246 1796; baseline 0 -2"><span class='ocrx_word' id='word_1_80' title='bbox 1104 1739 1151 1796; x_wconf 87' lang='lat' dir='ltr'><strong>at:</strong></span> <span class='ocrx_word' id='word_1_81' title='bbox 1172 1729 1246 1794; x_wconf 87' lang='lat' dir='ltr'><strong>rell.</strong></span> 
     </span>
     <span class='ocr_line' id='line_1_15' title="bbox 196 1838 1294 1924; baseline 0.002 -22"><span class='ocrx_word' id='word_1_82' title='bbox 196 1838 288 1920; x_wconf 82' lang='lat' dir='ltr'><strong>Quae</strong></span> <span class='ocrx_word' id='word_1_83' title='bbox 312 1838 337 1902; x_wconf 85' lang='lat' dir='ltr'><strong>si</strong></span> <span class='ocrx_word' id='word_1_84' title='bbox 362 1859 533 1924; x_wconf 83' lang='lat' dir='ltr'><strong>comparas</strong></span> <span class='ocrx_word' id='word_1_85' title='bbox 553 1845 650 1923; x_wconf 88' lang='lat' dir='ltr'><strong>atque</strong></span> <span class='ocrx_word' id='word_1_86' title='bbox 674 1839 871 1922; x_wconf 82' lang='lat' dir='ltr'><strong>consideras,</strong></span> <span class='ocrx_word' id='word_1_87' title='bbox 903 1860 1011 1904; x_wconf 89' lang='lat' dir='ltr'><strong>nonne</strong></span> <span class='ocrx_word' id='word_1_88' title='bbox 1042 1839 1218 1904; x_wconf 89' lang='lat' dir='ltr'><strong>verisimile</strong></span> <span class='ocrx_word' id='word_1_89' title='bbox 1246 1842 1294 1904; x_wconf 78' lang='lat' dir='ltr'><strong>ri·</strong></span> 
     </span>
     <span class='ocr_line' id='line_1_16' title="bbox 195 1945 1292 2035; baseline 0.002 -23"><span class='ocrx_word' id='word_1_90' title='bbox 195 1949 301 2031; x_wconf 87' lang='lat' dir='ltr'><strong>detur,</strong></span> <span class='ocrx_word' id='word_1_91' title='bbox 322 1946 504 2033; x_wconf 84' lang='lat' dir='ltr'><strong>pleniorem</strong></span> <span class='ocrx_word' id='word_1_92' title='bbox 519 1947 545 2011; x_wconf 87' lang='lat' dir='ltr'><strong>si</strong></span> <span class='ocrx_word' id='word_1_93' title='bbox 557 1947 751 2011; x_wconf 88' lang='lat' dir='ltr'><strong>haberemus</strong></span> <span class='ocrx_word' id='word_1_94' title='bbox 776 1945 894 2011; x_wconf 87' lang='lat' dir='ltr'><strong>librum</strong></span> <span class='ocrx_word' id='word_1_95' title='bbox 917 1948 1111 2035; x_wconf 85' lang='lat' dir='ltr'><strong>rescriptum</strong></span> <span class='ocrx_word' id='word_1_96' title='bbox 1133 1957 1186 2012; x_wconf 89' lang='lat' dir='ltr'><strong>aut</strong></span> <span class='ocrx_word' id='word_1_97' title='bbox 1210 1950 1292 2014; x_wconf 87' lang='lat' dir='ltr'><strong>udco</strong></span> 
     </span>
     <span class='ocr_line' id='line_1_17' title="bbox 194 2054 1291 2142; baseline 0 -20"><span class='ocrx_word' id='word_1_98' title='bbox 194 2055 341 2122; x_wconf 84' lang='lat' dir='ltr'><strong>codicem</strong></span> <span class='ocrx_word' id='word_1_99' title='bbox 373 2056 434 2120; x_wconf 90' lang='lat' dir='ltr'><strong>hoc</strong></span> <span class='ocrx_word' id='word_1_100' title='bbox 469 2054 592 2140; x_wconf 90' lang='lat' dir='ltr'><strong>aliquot</strong></span> <span class='ocrx_word' id='word_1_101' title='bbox 620 2054 758 2119; x_wconf 89' lang='lat' dir='ltr'><strong>sacculis</strong></span> <span class='ocrx_word' id='word_1_102' title='bbox 783 2055 1009 2142; x_wconf 82' lang='lat' dir='ltr'><strong>antiquiorem,</strong></span> <span class='ocrx_word' id='word_1_103' title='bbox 1039 2055 1192 2121; x_wconf 90' lang='lat' dir='ltr'><strong>falsorum</strong></span> <span class='ocrx_word' id='word_1_104' title='bbox 1215 2057 1291 2122; x_wconf 91' lang='lat' dir='ltr'><strong>isto·</strong></span> 
     </span>
    </p>

    <p class='ocr_par' dir='ltr' id='par_1_8' title="bbox 194 2163 1128 2231">
     <span class='ocr_line' id='line_1_18' title="bbox 194 2163 1128 2231; baseline 0 0"><span class='ocrx_word' id='word_1_105' title='bbox 194 2187 267 2231; x_wconf 90' lang='lat' dir='ltr'><strong>rum</strong></span> <span class='ocrx_word' id='word_1_106' title='bbox 288 2164 418 2229; x_wconf 89' lang='lat' dir='ltr'><strong>testium</strong></span> <span class='ocrx_word' id='word_1_107' title='bbox 443 2164 561 2229; x_wconf 86' lang='lat' dir='ltr'><strong>multos</strong></span> <span class='ocrx_word' id='word_1_108' title='bbox 584 2163 692 2229; x_wconf 85' lang='lat' dir='ltr'><strong>omnio</strong></span> <span class='ocrx_word' id='word_1_109' title='bbox 715 2187 780 2228; x_wconf 93' lang='lat' dir='ltr'><strong>non</strong></span> <span class='ocrx_word' id='word_1_110' title='bbox 804 2165 980 2229; x_wconf 84' lang='lat' dir='ltr'><strong>exstituros</strong></span> <span class='ocrx_word' id='word_1_111' title='bbox 1003 2165 1128 2231; x_wconf 74' lang='lat' dir='ltr'><strong>fuisse?</strong></span> 
     </span>
    </p>

    <p class='ocr_par' dir='ltr' id='par_1_9' title="bbox 191 2273 1381 3882">
     <span class='ocr_line' id='line_1_19' title="bbox 279 2273 1290 2359; baseline 0 -20"><span class='ocrx_word' id='word_1_112' title='bbox 279 2273 405 2340; x_wconf 77' lang='lat' dir='ltr'><strong>sedat</strong></span> <span class='ocrx_word' id='word_1_113' title='bbox 429 2273 482 2358; x_wconf 93' lang='lat' dir='ltr'><strong>qui</strong></span> <span class='ocrx_word' id='word_1_114' title='bbox 502 2273 602 2338; x_wconf 90' lang='lat' dir='ltr'><strong>iudici</strong></span> <span class='ocrx_word' id='word_1_115' title='bbox 624 2274 817 2358; x_wconf 83' lang='lat' dir='ltr'><strong>aequitatem</strong></span> <span class='ocrx_word' id='word_1_116' title='bbox 836 2274 978 2359; x_wconf 87' lang='lat' dir='ltr'><strong>professi</strong></span> <span class='ocrx_word' id='word_1_117' title='bbox 1001 2274 1113 2358; x_wconf 77' lang='lat' dir='ltr'><strong>simus.</strong></span> <span class='ocrx_word' id='word_1_118' title='bbox 1136 2275 1216 2339; x_wconf 90' lang='lat' dir='ltr'><strong>duos</strong></span> <span class='ocrx_word' id='word_1_119' title='bbox 1240 2274 1290 2339; x_wconf 66' lang='lat' dir='ltr'><strong>ress</strong></span> 
     </span>
     <span class='ocr_line' id='line_1_20' title="bbox 194 2381 1381 2468; baseline -0.002 -20"><span class='ocrx_word' id='word_1_120' title='bbox 194 2391 280 2448; x_wconf 83' lang='lat' dir='ltr'><strong>stare</strong></span> <span class='ocrx_word' id='word_1_121' title='bbox 305 2404 419 2447; x_wconf 84' lang='lat' dir='ltr'><strong>versus</strong></span> <span class='ocrx_word' id='word_1_122' title='bbox 442 2381 608 2447; x_wconf 88' lang='lat' dir='ltr'><strong>fatendum</strong></span> <span class='ocrx_word' id='word_1_123' title='bbox 633 2381 695 2446; x_wconf 90' lang='lat' dir='ltr'><strong>erit</strong></span> <span class='ocrx_word' id='word_1_124' title='bbox 717 2407 735 2447; x_wconf 90' lang='lat' dir='ltr'><strong>a</strong></span> <span class='ocrx_word' id='word_1_125' title='bbox 757 2382 922 2450; x_wconf 87' lang='lat' dir='ltr'><strong>Oorsseno</strong></span> <span class='ocrx_word' id='word_1_126' title='bbox 946 2404 987 2446; x_wconf 86' lang='lat' dir='ltr'><strong>ex</strong></span> <span class='ocrx_word' id='word_1_127' title='bbox 1010 2382 1151 2468; x_wconf 86' lang='lat' dir='ltr'><strong>Epidico</strong></span> <span class='ocrx_word' id='word_1_128' title='bbox 1174 2382 1290 2448; x_wconf 81' lang='lat' dir='ltr'><strong>Asina·</strong></span> <span class='ocrx_word' id='word_1_129' title='bbox 1372 2437 1381 2456; x_wconf 83' lang='grc'><strong>,</strong></span> 
     </span>
     <span class='ocr_line' id='line_1_21' title="bbox 193 2490 1290 2579; baseline 0.001 -23"><span class='ocrx_word' id='word_1_130' title='bbox 193 2491 306 2579; x_wconf 89' lang='lat' dir='ltr'><strong>riaque</strong></span> <span class='ocrx_word' id='word_1_131' title='bbox 328 2491 444 2555; x_wconf 89' lang='lat' dir='ltr'><strong>allatos</strong></span> <span class='ocrx_word' id='word_1_132' title='bbox 458 2490 506 2572; x_wconf 78' lang='lat'><strong>¹⁶),</strong></span> <span class='ocrx_word' id='word_1_133' title='bbox 528 2513 664 2575; x_wconf 92' lang='lat' dir='ltr'><strong>quorum</strong></span> <span class='ocrx_word' id='word_1_134' title='bbox 687 2491 785 2555; x_wconf 87' lang='lat' dir='ltr'><strong>fidem</strong></span> <span class='ocrx_word' id='word_1_135' title='bbox 809 2492 896 2576; x_wconf 92' lang='lat' dir='ltr'><strong>quod</strong></span> <span class='ocrx_word' id='word_1_136' title='bbox 919 2492 1086 2556; x_wconf 85' lang='lat' dir='ltr'><strong>deminuat</strong></span> <span class='ocrx_word' id='word_1_137' title='bbox 1106 2494 1290 2579; x_wconf 84' lang='lat' dir='ltr'><strong>frangatvc,</strong></span> 
     </span>
     <span class='ocr_line' id='line_1_22' title="bbox 194 2598 1287 2688; baseline 0.002 -24"><span class='ocrx_word' id='word_1_138' title='bbox 194 2621 237 2666; x_wconf 86' lang='lat' dir='ltr'><strong>ex</strong></span> <span class='ocrx_word' id='word_1_139' title='bbox 258 2599 337 2685; x_wconf 87' lang='lat' dir='ltr'><strong>ipsis</strong></span> <span class='ocrx_word' id='word_1_140' title='bbox 359 2599 442 2665; x_wconf 88' lang='lat' dir='ltr'><strong>nihil</strong></span> <span class='ocrx_word' id='word_1_141' title='bbox 465 2600 602 2664; x_wconf 86' lang='lat' dir='ltr'><strong>elicitur.</strong></span> <span class='ocrx_word' id='word_1_142' title='bbox 655 2598 848 2666; x_wconf 84' lang='lat' dir='ltr'><strong>Ceterorum</strong></span> <span class='ocrx_word' id='word_1_143' title='bbox 877 2610 942 2665; x_wconf 86' lang='lat' dir='ltr'><strong>tam</strong></span> <span class='ocrx_word' id='word_1_144' title='bbox 967 2610 1193 2688; x_wconf 86' lang='lat' dir='ltr'><strong>suspectorum</strong></span> <span class='ocrx_word' id='word_1_145' title='bbox 1215 2624 1287 2667; x_wconf 87' lang='lat' dir='ltr'><strong>ver·</strong></span> 
     </span>
     <span class='ocr_line' id='line_1_23' title="bbox 192 2708 1287 2796; baseline 0.001 -23"><span class='ocrx_word' id='word_1_146' title='bbox 192 2724 285 2773; x_wconf 84' lang='lat' dir='ltr'><strong>snum</strong></span> <span class='ocrx_word' id='word_1_147' title='bbox 308 2708 444 2774; x_wconf 88' lang='lat' dir='ltr'><strong>societas</strong></span> <span class='ocrx_word' id='word_1_148' title='bbox 467 2730 543 2773; x_wconf 88' lang='lat' dir='ltr'><strong>sanc</strong></span> <span class='ocrx_word' id='word_1_149' title='bbox 567 2718 677 2773; x_wconf 91' lang='lat' dir='ltr'><strong>contra</strong></span> <span class='ocrx_word' id='word_1_150' title='bbox 701 2731 756 2772; x_wconf 90' lang='lat' dir='ltr'><strong>eos</strong></span> <span class='ocrx_word' id='word_1_151' title='bbox 780 2731 909 2796; x_wconf 91' lang='lat' dir='ltr'><strong>quoque</strong></span> <span class='ocrx_word' id='word_1_152' title='bbox 933 2708 1145 2795; x_wconf 86' lang='lat' dir='ltr'><strong>suspitionem</strong></span> <span class='ocrx_word' id='word_1_153' title='bbox 1169 2721 1287 2793; x_wconf 89' lang='lat' dir='ltr'><strong>movet,</strong></span> 
     </span>
     <span class='ocr_line' id='line_1_24' title="bbox 194 2817 1292 2900; baseline -0.002 -16"><span class='ocrx_word' id='word_1_154' title='bbox 194 2818 251 2884; x_wconf 88' lang='lat' dir='ltr'><strong>sed</strong></span> <span class='ocrx_word' id='word_1_155' title='bbox 273 2830 399 2900; x_wconf 75' lang='lat' dir='ltr'><strong>uereor,</strong></span> <span class='ocrx_word' id='word_1_156' title='bbox 420 2840 462 2882; x_wconf 91' lang='lat' dir='ltr'><strong>ne</strong></span> <span class='ocrx_word' id='word_1_157' title='bbox 485 2818 547 2882; x_wconf 90' lang='lat' dir='ltr'><strong>hoc</strong></span> <span class='ocrx_word' id='word_1_158' title='bbox 569 2819 610 2882; x_wconf 88' lang='lat' dir='ltr'><strong>ad</strong></span> <span class='ocrx_word' id='word_1_159' title='bbox 633 2817 914 2883; x_wconf 87' lang='lat' dir='ltr'><strong>condemnandum</strong></span> <span class='ocrx_word' id='word_1_160' title='bbox 942 2840 1008 2882; x_wconf 91' lang='lat' dir='ltr'><strong>non</strong></span> <span class='ocrx_word' id='word_1_161' title='bbox 1044 2818 1194 2883; x_wconf 83' lang='lat' dir='ltr'><strong>videatur</strong></span> <span class='ocrx_word' id='word_1_162' title='bbox 1227 2820 1292 2884; x_wconf 85' lang='lat' dir='ltr'><strong>suf·</strong></span> 
     </span>
     <span class='ocr_line' id='line_1_25' title="bbox 192 2927 1292 3014; baseline 0.003 -23"><span class='ocrx_word' id='word_1_163' title='bbox 192 2927 305 2993; x_wconf 89' lang='lat' dir='ltr'><strong>ficere.</strong></span> <span class='ocrx_word' id='word_1_164' title='bbox 349 2927 463 3014; x_wconf 89' lang='lat' dir='ltr'><strong>Itaque</strong></span> <span class='ocrx_word' id='word_1_165' title='bbox 488 2927 663 2991; x_wconf 88' lang='lat' dir='ltr'><strong>videndum</strong></span> <span class='ocrx_word' id='word_1_166' title='bbox 698 2928 769 3010; x_wconf 81' lang='lat' dir='ltr'><strong>erit,</strong></span> <span class='ocrx_word' id='word_1_167' title='bbox 801 2950 877 2991; x_wconf 88' lang='lat' dir='ltr'><strong>num</strong></span> <span class='ocrx_word' id='word_1_168' title='bbox 906 2927 990 2991; x_wconf 87' lang='lat' dir='ltr'><strong>forte</strong></span> <span class='ocrx_word' id='word_1_169' title='bbox 1022 2927 1227 2995; x_wconf 84' lang='lat' dir='ltr'><strong>extrinsecus</strong></span> <span class='ocrx_word' id='word_1_170' title='bbox 1257 2929 1292 2994; x_wconf 93' lang='lat' dir='ltr'><strong>in</strong></span> 
     </span>
     <span class='ocr_line' id='line_1_26' title="bbox 194 3035 1289 3123; baseline 0.001 -21"><span class='ocrx_word' id='word_1_171' title='bbox 194 3059 249 3103; x_wconf 89' lang='lat' dir='ltr'><strong>eos</strong></span> <span class='ocrx_word' id='word_1_172' title='bbox 271 3036 496 3102; x_wconf 84' lang='lat' dir='ltr'><strong>ratiocinando</strong></span> <span class='ocrx_word' id='word_1_173' title='bbox 513 3035 634 3121; x_wconf 88' lang='lat' dir='ltr'><strong>aliquid</strong></span> <span class='ocrx_word' id='word_1_174' title='bbox 653 3037 737 3101; x_wconf 87' lang='lat' dir='ltr'><strong>effici</strong></span> <span class='ocrx_word' id='word_1_175' title='bbox 753 3037 864 3123; x_wconf 86' lang='lat' dir='ltr'><strong>possit.</strong></span> <span class='ocrx_word' id='word_1_176' title='bbox 900 3038 1009 3121; x_wconf 84' lang='lat' dir='ltr'><strong>Atque</strong></span> <span class='ocrx_word' id='word_1_177' title='bbox 1027 3037 1158 3103; x_wconf 90' lang='lat' dir='ltr'><strong>omnino</strong></span> <span class='ocrx_word' id='word_1_178' title='bbox 1175 3059 1289 3103; x_wconf 85' lang='lat' dir='ltr'><strong>versus</strong></span> 
     </span>
     <span class='ocr_line' id='line_1_27' title="bbox 193 3144 1290 3232; baseline 0 -22"><span class='ocrx_word' id='word_1_179' title='bbox 193 3145 219 3210; x_wconf 94' lang='lat' dir='ltr'><strong>si</strong></span> <span class='ocrx_word' id='word_1_180' title='bbox 242 3145 510 3232; x_wconf 87' lang='lat' dir='ltr'><strong>contemplamur,</strong></span> <span class='ocrx_word' id='word_1_181' title='bbox 534 3145 567 3208; x_wconf 91' lang='lat' dir='ltr'><strong>in</strong></span> <span class='ocrx_word' id='word_1_182' title='bbox 591 3144 706 3231; x_wconf 89' lang='lat' dir='ltr'><strong>quibus</strong></span> <span class='ocrx_word' id='word_1_183' title='bbox 735 3147 835 3209; x_wconf 84' lang='lat' dir='ltr'><strong>verba</strong></span> <span class='ocrx_word' id='word_1_184' title='bbox 870 3145 1054 3210; x_wconf 84' lang='lat' dir='ltr'><strong>invenimus</strong></span> <span class='ocrx_word' id='word_1_185' title='bbox 1087 3146 1119 3209; x_wconf 95' lang='lat' dir='ltr'><strong>in</strong></span> <span class='ocrx_word' id='word_1_186' title='bbox 1141 3146 1182 3209; x_wconf 84' lang='lat' dir='ltr'><strong>‘a’</strong></span> <span class='ocrx_word' id='word_1_187' title='bbox 1207 3145 1290 3211; x_wconf 92' lang='lat' dir='ltr'><strong>illud</strong></span> 
     </span>
     <span class='ocr_line' id='line_1_28' title="bbox 195 3253 1292 3340; baseline 0.002 -22"><span class='ocrx_word' id='word_1_188' title='bbox 195 3253 386 3337; x_wconf 88' lang='lat' dir='ltr'><strong>desinentia,</strong></span> <span class='ocrx_word' id='word_1_189' title='bbox 413 3255 533 3320; x_wconf 89' lang='lat' dir='ltr'><strong>statim·</strong></span> <span class='ocrx_word' id='word_1_190' title='bbox 547 3253 832 3319; x_wconf 81' lang='lat' dir='ltr'><strong>aminadvertimus</strong></span> <span class='ocrx_word' id='word_1_191' title='bbox 852 3255 1046 3340; x_wconf 88' lang='lat' dir='ltr'><strong>plerumque</strong></span> <span class='ocrx_word' id='word_1_192' title='bbox 1065 3255 1212 3319; x_wconf 77' lang='lat' dir='ltr'><strong>vocalem</strong></span> <span class='ocrx_word' id='word_1_193' title='bbox 1235 3266 1292 3320; x_wconf 86' lang='lat' dir='ltr'><strong>aut</strong></span> 
     </span>
     <span class='ocr_line' id='line_1_29' title="bbox 194 3361 1291 3446; baseline 0.003 -21"><span class='ocrx_word' id='word_1_194' title='bbox 194 3361 228 3428; x_wconf 90' lang='lat' dir='ltr'><strong>iu</strong></span> <span class='ocrx_word' id='word_1_195' title='bbox 250 3362 332 3426; x_wconf 91' lang='lat' dir='ltr'><strong>thesi</strong></span> <span class='ocrx_word' id='word_1_196' title='bbox 357 3362 552 3427; x_wconf 86' lang='lat' dir='ltr'><strong>delitescere</strong></span> <span class='ocrx_word' id='word_1_197' title='bbox 575 3372 629 3426; x_wconf 90' lang='lat' dir='ltr'><strong>aut</strong></span> <span class='ocrx_word' id='word_1_198' title='bbox 650 3371 807 3446; x_wconf 88' lang='lat' dir='ltr'><strong>sequente</strong></span> <span class='ocrx_word' id='word_1_199' title='bbox 830 3362 937 3426; x_wconf 86' lang='lat' dir='ltr'><strong>vocali</strong></span> <span class='ocrx_word' id='word_1_200' title='bbox 968 3362 1055 3428; x_wconf 90' lang='lat' dir='ltr'><strong>elidi.</strong></span> <span class='ocrx_word' id='word_1_201' title='bbox 1108 3363 1291 3429; x_wconf 87' lang='lat' dir='ltr'><strong>Videantur</strong></span> 
     </span>
     <span class='ocr_line' id='line_1_30' title="bbox 192 3470 1290 3556; baseline 0.002 -20"><span class='ocrx_word' id='word_1_202' title='bbox 192 3471 293 3556; x_wconf 82' lang='lat' dir='ltr'><strong>igitur</strong></span> <span class='ocrx_word' id='word_1_203' title='bbox 312 3471 346 3535; x_wconf 94' lang='lat' dir='ltr'><strong>hi</strong></span> <span class='ocrx_word' id='word_1_204' title='bbox 370 3492 481 3535; x_wconf 89' lang='lat' dir='ltr'><strong>omnes</strong></span> <span class='ocrx_word' id='word_1_205' title='bbox 505 3493 619 3535; x_wconf 86' lang='lat' dir='ltr'><strong>versus</strong></span> <span class='ocrx_word' id='word_1_206' title='bbox 640 3471 722 3535; x_wconf 91' lang='lat' dir='ltr'><strong>nihil</strong></span> <span class='ocrx_word' id='word_1_207' title='bbox 746 3470 880 3535; x_wconf 88' lang='lat' dir='ltr'><strong>curandi</strong></span> <span class='ocrx_word' id='word_1_208' title='bbox 905 3493 985 3536; x_wconf 88' lang='lat' dir='ltr'><strong>esse.</strong></span> <span class='ocrx_word' id='word_1_209' title='bbox 1018 3471 1094 3537; x_wconf 89' lang='lat' dir='ltr'><strong>Non</strong></span> <span class='ocrx_word' id='word_1_210' title='bbox 1117 3483 1192 3538; x_wconf 91' lang='lat' dir='ltr'><strong>sunt</strong></span> <span class='ocrx_word' id='word_1_211' title='bbox 1212 3496 1290 3540; x_wconf 89' lang='lat' dir='ltr'><strong>sanc</strong></span> 
     </span>
     <span class='ocr_line' id='line_1_31' title="bbox 192 3580 1290 3668; baseline 0.002 -23"><span class='ocrx_word' id='word_1_212' title='bbox 192 3580 351 3668; x_wconf 88' lang='lat' dir='ltr'><strong>plerique.</strong></span> <span class='ocrx_word' id='word_1_213' title='bbox 395 3580 553 3646; x_wconf 91' lang='lat' dir='ltr'><strong>Nonnulli</strong></span> <span class='ocrx_word' id='word_1_214' title='bbox 575 3591 693 3663; x_wconf 82' lang='lat' dir='ltr'><strong>tamen,</strong></span> <span class='ocrx_word' id='word_1_215' title='bbox 715 3580 861 3668; x_wconf 86' lang='lat' dir='ltr'><strong>quamvis</strong></span> <span class='ocrx_word' id='word_1_216' title='bbox 881 3581 921 3644; x_wconf 90' lang='lat' dir='ltr'><strong>ab</strong></span> <span class='ocrx_word' id='word_1_217' title='bbox 943 3581 994 3646; x_wconf 89' lang='lat' dir='ltr'><strong>his</strong></span> <span class='ocrx_word' id='word_1_218' title='bbox 1024 3582 1058 3646; x_wconf 94' lang='lat' dir='ltr'><strong>in</strong></span> <span class='ocrx_word' id='word_1_219' title='bbox 1085 3603 1120 3646; x_wconf 90' lang='lat' dir='ltr'><strong>re</strong></span> <span class='ocrx_word' id='word_1_220' title='bbox 1144 3605 1211 3647; x_wconf 87' lang='lat' dir='ltr'><strong>non</strong></span> <span class='ocrx_word' id='word_1_221' title='bbox 1229 3582 1290 3647; x_wconf 85' lang='lat' dir='ltr'><strong>dif-</strong></span> 
     </span>
     <span class='ocr_line' id='line_1_32' title="bbox 191 3686 1291 3775; baseline 0.004 -26"><span class='ocrx_word' id='word_1_222' title='bbox 191 3687 307 3766; x_wconf 79' lang='lat' dir='ltr'><strong>ferant,</strong></span> <span class='ocrx_word' id='word_1_223' title='bbox 329 3686 373 3751; x_wconf 93' lang='lat' dir='ltr'><strong>ita</strong></span> <span class='ocrx_word' id='word_1_224' title='bbox 397 3697 471 3751; x_wconf 88' lang='lat' dir='ltr'><strong>suut</strong></span> <span class='ocrx_word' id='word_1_225' title='bbox 496 3688 684 3775; x_wconf 85' lang='lat' dir='ltr'><strong>comparati,</strong></span> <span class='ocrx_word' id='word_1_226' title='bbox 717 3697 751 3751; x_wconf 88' lang='lat' dir='ltr'><strong>ut</strong></span> <span class='ocrx_word' id='word_1_227' title='bbox 784 3687 923 3752; x_wconf 88' lang='lat' dir='ltr'><strong>nesciam</strong></span> <span class='ocrx_word' id='word_1_228' title='bbox 955 3712 996 3752; x_wconf 91' lang='lat' dir='ltr'><strong>an</strong></span> <span class='ocrx_word' id='word_1_229' title='bbox 1027 3710 1139 3754; x_wconf 91' lang='lat' dir='ltr'><strong>eorum</strong></span> <span class='ocrx_word' id='word_1_230' title='bbox 1170 3689 1203 3753; x_wconf 88' lang='lat' dir='ltr'><strong>in</strong></span> <span class='ocrx_word' id='word_1_231' title='bbox 1230 3689 1291 3753; x_wconf 91' lang='lat' dir='ltr'><strong>hac</strong></span> 
     </span>
     <span class='ocr_line' id='line_1_33' title="bbox 193 3796 1290 3882; baseline 0.002 -21"><span class='ocrx_word' id='word_1_232' title='bbox 193 3796 384 3881; x_wconf 89' lang='lat' dir='ltr'><strong>quaestione</strong></span> <span class='ocrx_word' id='word_1_233' title='bbox 402 3796 510 3881; x_wconf 92' lang='lat' dir='ltr'><strong>aliqua</strong></span> <span class='ocrx_word' id='word_1_234' title='bbox 525 3798 567 3862; x_wconf 88' lang='lat' dir='ltr'><strong>sit</strong></span> <span class='ocrx_word' id='word_1_235' title='bbox 581 3797 720 3880; x_wconf 82' lang='lat' dir='ltr'><strong>utilitas3</strong></span> <span class='ocrx_word' id='word_1_236' title='bbox 746 3797 799 3882; x_wconf 91' lang='lat' dir='ltr'><strong>qui</strong></span> <span class='ocrx_word' id='word_1_237' title='bbox 818 3804 892 3861; x_wconf 89' lang='lat' dir='ltr'><strong>sunt</strong></span> <span class='ocrx_word' id='word_1_238' title='bbox 906 3797 938 3861; x_wconf 95' lang='lat' dir='ltr'><strong>hi</strong></span> <span class='ocrx_word' id='word_1_239' title='bbox 954 3819 1083 3863; x_wconf 87' lang='lat' dir='ltr'><strong>versus:</strong></span> <span class='ocrx_word' id='word_1_240' title='bbox 1109 3797 1290 3881; x_wconf 70' lang='lat' dir='ltr'><strong>BaccheO,</strong></span> 
     </span>
    </p>
   </div>
   <div class='ocr_carea' id='block_1_5' title="bbox 197 3958 393 3969">
    <p class='ocr_par' dir='ltr' id='par_1_10' title="bbox 197 3958 393 3969">
     <span class='ocr_line' id='line_1_34' title="bbox 197 3958 393 3969; baseline -0.01 -1"><span class='ocrx_word' id='word_1_241' title='bbox 197 3958 393 3969; x_wconf 78' lang='lat'><em>---.-—--</em></span> 
     </span>
    </p>
   </div>
   <div class='ocr_carea' id='block_1_6' title="bbox 191 4045 1292 4215">
    <p class='ocr_par' dir='ltr' id='par_1_11' title="bbox 191 4045 1292 4215">
     <span class='ocr_line' id='line_1_35' title="bbox 264 4045 1292 4117; baseline 0.001 -15"><span class='ocrx_word' id='word_1_242' title='bbox 264 4047 307 4116; x_wconf 83' lang='lat'><strong>15)</strong></span> <span class='ocrx_word' id='word_1_243' title='bbox 326 4065 352 4102; x_wconf 87' lang='lat' dir='ltr'><strong>v.</strong></span> <span class='ocrx_word' id='word_1_244' title='bbox 370 4064 435 4117; x_wconf 82' lang='lat' dir='ltr'><strong>pag.</strong></span> <span class='ocrx_word' id='word_1_245' title='bbox 452 4049 495 4100; x_wconf 84' lang='grc'><strong>44.</strong></span> <span class='ocrx_word' id='word_1_246' title='bbox 512 4046 583 4099; x_wconf 85' lang='lat' dir='ltr'><strong>Nam</strong></span> <span class='ocrx_word' id='word_1_247' title='bbox 602 4065 628 4100; x_wconf 87' lang='lat' dir='ltr'><strong>v.</strong></span> <span class='ocrx_word' id='word_1_248' title='bbox 647 4045 729 4114; x_wconf 84' lang='lat' dir='ltr'><strong>Epid.</strong></span> <span class='ocrx_word' id='word_1_249' title='bbox 749 4045 770 4109; x_wconf 94' lang='grc' dir='ltr'><strong>Ι,</strong></span> <span class='ocrx_word' id='word_1_250' title='bbox 795 4050 817 4109; x_wconf 93' lang='grc'><strong>1,</strong></span> <span class='ocrx_word' id='word_1_251' title='bbox 838 4048 886 4099; x_wconf 85' lang='lat'><strong>39:</strong></span> <span class='ocrx_word' id='word_1_252' title='bbox 906 4048 972 4101; x_wconf 81' lang='lat' dir='ltr'><strong>‘Eat</strong></span> <span class='ocrx_word' id='word_1_253' title='bbox 990 4066 1098 4112; x_wconf 78' lang='lat' dir='ltr'><strong>causac,</strong></span> <span class='ocrx_word' id='word_1_254' title='bbox 1117 4067 1172 4117; x_wconf 80' lang='lat' dir='ltr'><strong>qua</strong></span> <span class='ocrx_word' id='word_1_255' title='bbox 1190 4067 1292 4103; x_wconf 75' lang='lat' dir='ltr'><strong>causae</strong></span> 
     </span>
     <span class='ocr_line' id='line_1_36' title="bbox 191 4144 986 4215; baseline -0.004 -13"><span class='ocrx_word' id='word_1_256' title='bbox 191 4153 273 4204; x_wconf 75' lang='lat' dir='ltr'><strong>simul</strong></span> <span class='ocrx_word' id='word_1_257' title='bbox 292 4152 333 4185; x_wconf 91' lang='lat'><strong>-&#39;</strong></span> <span class='ocrx_word' id='word_1_258' title='bbox 352 4145 437 4200; x_wconf 86' lang='lat' dir='ltr'><strong>certis</strong></span> <span class='ocrx_word' id='word_1_259' title='bbox 457 4145 593 4215; x_wconf 87' lang='lat' dir='ltr'><strong>exemplis</strong></span> <span class='ocrx_word' id='word_1_260' title='bbox 613 4144 839 4198; x_wconf 84' lang='lat' dir='ltr'><strong>adnumerandus</strong></span> <span class='ocrx_word' id='word_1_261' title='bbox 858 4162 915 4198; x_wconf 90' lang='lat' dir='ltr'><strong>non</strong></span> <span class='ocrx_word' id='word_1_262' title='bbox 934 4148 986 4200; x_wconf 85' lang='lat' dir='ltr'><strong>est.</strong></span> 
     </span>
    </p>
   </div>
   <div class='ocr_carea' id='block_1_7' title="bbox 0 0 1414 4830">
    <p class='ocr_par' dir='ltr' id='par_1_12' title="bbox 0 0 1414 4830">
     <span class='ocr_line' id='line_1_37' title="bbox 0 0 1414 4830; baseline 0 0"><span class='ocrx_word' id='word_1_263' title='bbox 0 0 1414 4830; x_wconf 95' lang='lat' dir='ltr'><strong> </strong></span> 
     </span>
    </p>
   </div>
  </div>
 </body>
</html>
