2820 4830
658 280 679 342 5

123 463 344 528 doctissimum
367 462 558 550 impugnem
582 463 659 527 mihi
682 464 847 551 proposui,
871 463 928 528 sed
945 473 981 527 ut
997 461 1220 549 quaestionem

124 576 163 639 ad
189 574 297 639 crisim
322 574 451 638 fabulae
475 574 712 658 gravissimam,
735 573 760 636 si
775 573 847 637 ficri
866 583 983 660 potest,
1006 572 1172 636 absolvam
1187 573 1219 648 ¹).

206 684 317 766 Atque
342 682 464 769 primos
489 683 522 746 in
548 704 684 747 examen
701 705 908 747 voeoversus
933 681 1218 764 ll,2,108-109:

208 793 273 878 Ap.
319 771 451 878 lllpidiee
473 792 593 856 habeas
617 775 765 878 grttiam.
805 791 865 879 Ep·
891 791 957 859 Sed
982 813 1045 874 ego
1068 793 1151 855 istuc
1176 794 1219 855 fa-

958 901 1040 964 ciam
1063 899 1178 964 sedulo

209 986 280 1094 Elgo
304 1008 395 1072 illum
420 1008 612 1072 conveniam
641 1014 737 1095 atque
759 1008 918 1072 adducam
942 1008 1004 1071 huc
1027 1007 1067 1070 ad
1089 1017 1120 1071 te
1145 1029 1221 1093 quo·

964 1117 1026 1180 iast
1046 1116 1180 1180 fidicina

123 1226 278 1312 Epidicus
304 1227 427 1290 scilicet
450 1226 627 1309 diligenter
651 1236 753 1308 cavet,
783 1249 823 1289 nc
848 1249 942 1291 senes
965 1227 1107 1289 animum
1130 1226 1220 1290 colli-

122 1345 202 1420 gant
221 1358 356 1422 remque
381 1336 543 1422 quomodo
568 1335 688 1419 optime
715 1335 884 1399 instituant
913 1344 961 1400 sat
994 1335 1119 1421 possint
1142 1334 1220 1398 dcli·

121 1446 250 1525 berare3
275 1454 324 1508 cst
346 1444 432 1507 cuim
453 1444 492 1524 ei,
516 1454 550 1507 ut
573 1443 643 1529 ipsa
670 1444 704 1506 in
727 1453 878 1530 quantum
897 1443 994 1506 liceat
1010 1443 1057 1506 rei
1072 1443 1220 1528 agendae

122 1565 352 1643 praeponatur,
376 1572 502 1618 summo
526 1575 626 1640 opere
655 1552 846 1635 curandum,
870 1553 1081 1639 quamobrem
1103 1574 1145 1616 ne
1176 1551 1221 1614 ni·

122 1663 221 1727 mium
245 1663 411 1749 poscendo
439 1664 650 1749 suspitionem
673 1671 786 1726 contra
813 1670 1002 1739 semoveat,
1026 1662 1131 1748 primo
1152 1661 1223 1744 qui-

121 1773 208 1856 dem,
230 1782 267 1836 ut
288 1782 472 1856 argentum,
499 1771 585 1858 quod
610 1771 880 1856 intercipiendum
905 1779 963 1852 cst,
986 1771 1025 1834 ab
1048 1770 1221 1855 Apoecide

121 1882 162 1945 ad
183 1883 335 1946 lenonem
362 1883 528 1946 deferatur
549 1881 709 1964 coneedit,
734 1903 811 1944 mox
841 1902 871 1943 ν.
887 1880 958 1960 110,
977 1891 1149 1964 postquam
1169 1900 1219 1942 re·

122 1991 209 2077 liqua
230 2013 264 2054 se
286 1991 393 2078 ipsum
415 1991 715 2055 administraturum
741 2010 815 2052 esse
838 1988 1001 2073 pollicitus
1027 1998 1086 2070 cst,
1117 1995 1222 2050 astute

123 2122 182 2185 pro
203 2122 268 2163 uno
283 2100 451 2184 Apoecide
474 2101 521 2163 rei
547 2099 754 2183 argentariae
776 2097 940 2183 praefecto
963 2119 998 2160 sc
1021 2097 1126 2183 ipsum
1148 2119 1222 2159 cum

125 2209 294 2295 Apoecide
307 2209 471 2295 supponit.
506 2209 602 2291 Quod
622 2209 647 2272 si
663 2209 778 2272 horum
796 2230 947 2272 versuum
964 2207 1106 2294 priorem
1122 2208 1220 2270 etiam

125 2320 326 2382 recentiores
353 2319 495 2383 editores
521 2319 687 2404 integrum
717 2318 880 2382 debebant
908 2317 1105 2402 relinquere,
1139 2316 1222 2379 alter

123 2437 177 2491 aut
201 2427 351 2491 Plautum
374 2439 428 2490 aut
452 2426 598 2490 editores
627 2437 681 2490 aut
712 2449 763 2490 mc
792 2426 1022 2506 dormitantem
1049 2426 1135 2489 hune
1158 2434 1219 2488 tra·

124 2536 262 2600 ctavisse
287 2538 393 2600 locum
421 2536 562 2600 evincet.
610 2535 694 2601 Nam
723 2535 785 2599 nisi
817 2535 953 2620 egregie
981 2534 1077 2598 fallor
1101 2556 1223 2615 eorum,

124 2667 207 2729 quae
247 2646 311 2709 iam
354 2667 396 2710 ex
430 2655 535 2709 astuto
576 2668 634 2709 sue
680 2643 848 2708 mendacio
888 2669 907 2707 a
941 2644 1071 2709 senibus
1111 2665 1223 2708 servus

124 2755 322 2843 impetravit,
345 2777 506 2819 summum
529 2754 591 2817 hoc
616 2763 675 2834 est,
710 2775 751 2818 ne
774 2753 977 2840 Periphanes
1000 2775 1071 2816 curn
1095 2753 1224 2835 lenone,

126 2865 221 2950 quoia
245 2874 314 2928 erat
334 2863 476 2944 fidicina,
504 2863 544 2926 de
571 2884 608 2925 ca
631 2861 771 2926 emenda
792 2861 863 2948 ipsc
884 2871 968 2946 agat.
1012 2861 1103 2943 Ideo,
1126 2871 1162 2924 ut
1183 2862 1223 2925 ab

124 2973 283 3037 heccum
310 2973 478 3052 retineret,
509 2973 548 3036 ad
573 2971 809 3048 difficultatem,
842 2993 923 3054 quac
947 2970 1077 3034 evenire
1104 2981 1223 3058 posset,
1312 3049 1315 3057 Ι

125 3083 149 3145 si
174 3082 243 3167 ipse
264 3081 468 3167 Periphanes
489 3081 529 3144 ad
553 3081 706 3145 lenonem
728 3092 900 3166 argeutum
924 3079 1078 3161 deferret,
1110 3101 1223 3144 senum

126 3201 268 3255 mentem
293 3190 478 3255 adverterat
502 3213 532 3256 11.
557 3190 624 3254 105.
659 3189 746 3271 Quid
762 3189 885 3275 igitur?
909 3189 972 3252 Illa
986 3211 1038 3253 res
1052 3199 1224 3276 postquam

125 3301 153 3364 ei
176 3299 397 3386 prosperrime
422 3299 530 3381 cessit,
555 3299 770 3363 credemusne
794 3320 868 3362 cum
888 3299 926 3361 ad
945 3298 1163 3384 Periphanem
1190 3318 1224 3360 se

126 3409 276 3472 lenonem
303 3408 520 3472 adducturum
544 3429 613 3472 csse
634 3408 721 3472 ultre
745 3407 942 3492 promisisse,
975 3407 1059 3490 quod
1094 3406 1225 3489 quidem

126 3517 151 3580 si
174 3519 305 3598 faceret,
332 3517 427 3580 dolus
450 3517 490 3580 ad
515 3515 682 3580 dimidiam
703 3527 828 3601 partem
851 3517 913 3578 iam
931 3515 1103 3602 expeditus
1121 3513 1225 3577 omnis

127 3626 316 3691 interierat?
352 3627 451 3709 Quali
475 3626 684 3712 promissosi
706 3627 821 3707 stabat,
843 3645 877 3688 se
901 3646 965 3688 non
990 3635 1134 3688 metuere
1158 3648 1226 3689 sus-

202 3803 227 3871 1)
247 3802 294 3855 Fr.
305 3801 475 3855 Ritsehelius
487 3803 621 3853 consueta
636 3799 803 3853 liberalitate
815 3803 982 3867 apparatum
999 3817 1078 3852 suum
1096 3799 1226 3852 criticum

126 3901 195 3953 mihi
213 3900 347 3954 utendum
365 3899 502 3968 permisit,
532 3899 610 3952 cuius
634 3915 669 3952 ex
687 3897 795 3951 schedis
814 3915 883 3965 quae
905 3897 939 3950 de
959 3897 1019 3951 cod.
1039 3897 1225 3951 Ambrosiano

127 4000 175 4049 aut
194 3997 229 4051 de
247 3997 350 4052 Vetere
377 3996 477 4059 refero,
500 3995 534 4047 iis
558 3995 686 4048 omnibus
715 3998 763 4047 aut
785 3994 836 4047 AR
860 3998 909 4047 aut
927 3994 977 4047 VR
998 3997 1081 4048 notas
1105 4011 1225 4063 appone.

129 4094 179 4147 uui
197 4094 335 4148 carissimi
351 4093 544 4162 praeceptoris
563 4092 732 4163 benignitati
751 4095 885 4160 quantum
903 4091 1028 4156 debeam,
1049 4091 1096 4160 qui
1115 4093 1144 4144 in
1162 4109 1226 4145 oon·

128 4191 237 4245 dicione
253 4208 331 4244 meae
349 4190 433 4244 simili
450 4190 565 4242 fuerunt
583 4189 779 4244 aestimabunt.
