<?xml version="1.0" encoding="UTF-8"?>
<!DOCTYPE html PUBLIC "-//W3C//DTD XHTML 1.0 Transitional//EN"
    "http://www.w3.org/TR/xhtml1/DTD/xhtml1-transitional.dtd">
<html xmlns="http://www.w3.org/1999/xhtml" xml:lang="en" lang="en">
 <head>
  <title>
</title>
<meta http-equiv="Content-Type" content="text/html;charset=utf-8" />
  <meta name='ocr-system' content='tesseract 3.04.00' />
  <meta name='ocr-capabilities' content='ocr_page ocr_carea ocr_par ocr_line ocrx_word'/>
</head>
<body>
  <div class='ocr_page' id='page_1' title='image "./deplautiepidico01muelgoog_0037.png"; bbox 0 0 2820 4830; ppageno 0'>
   <div class='ocr_carea' id='block_1_1' title="bbox 683 267 725 334">
    <p class='ocr_par' dir='ltr' id='par_1_1' title="bbox 683 267 725 334">
     <span class='ocr_line' id='line_1_1' title="bbox 683 267 725 334; baseline 0 0"><span class='ocrx_word' id='word_1_1' title='bbox 683 267 725 334; x_wconf 87' lang='lat'><strong>28</strong></span> 
     </span>
    </p>
   </div>
   <div class='ocr_carea' id='block_1_2' title="bbox 153 449 1269 4249">
    <p class='ocr_par' dir='ltr' id='par_1_2' title="bbox 153 449 1269 1387">
     <span class='ocr_line' id='line_1_2' title="bbox 156 449 1252 538; baseline 0.002 -23"><span class='ocrx_word' id='word_1_2' title='bbox 156 450 237 515; x_wconf 89' lang='lat' dir='ltr'><strong>sima</strong></span> <span class='ocrx_word' id='word_1_3' title='bbox 255 449 432 515; x_wconf 83' lang='lat' dir='ltr'><strong>mutatione</strong></span> <span class='ocrx_word' id='word_1_4' title='bbox 449 449 484 514; x_wconf 92' lang='lat' dir='ltr'><strong>in</strong></span> <span class='ocrx_word' id='word_1_5' title='bbox 495 471 650 516; x_wconf 82' lang='lat' dir='ltr'><strong>versuum</strong></span> <span class='ocrx_word' id='word_1_6' title='bbox 662 471 769 534; x_wconf 85' lang='lat' dir='ltr'><strong>genus</strong></span> <span class='ocrx_word' id='word_1_7' title='bbox 780 472 841 538; x_wconf 91' lang='lat' dir='ltr'><strong>per</strong></span> <span class='ocrx_word' id='word_1_8' title='bbox 852 451 937 516; x_wconf 92' lang='lat' dir='ltr'><strong>hane</strong></span> <span class='ocrx_word' id='word_1_9' title='bbox 951 472 1082 517; x_wconf 87' lang='lat' dir='ltr'><strong>scenam</strong></span> <span class='ocrx_word' id='word_1_10' title='bbox 1104 472 1252 537; x_wconf 83' lang='lat' dir='ltr'><strong>regnans</strong></span> 
     </span>
     <span class='ocr_line' id='line_1_3' title="bbox 153 558 1252 647; baseline 0.004 -23"><span class='ocrx_word' id='word_1_11' title='bbox 153 559 315 647; x_wconf 88' lang='lat' dir='ltr'><strong>recipere.</strong></span> <span class='ocrx_word' id='word_1_12' title='bbox 349 558 526 624; x_wconf 87' lang='lat' dir='ltr'><strong>Accedunt</strong></span> <span class='ocrx_word' id='word_1_13' title='bbox 546 558 587 625; x_wconf 88' lang='lat' dir='ltr'><strong>ad</strong></span> <span class='ocrx_word' id='word_1_14' title='bbox 610 559 795 625; x_wconf 75' lang='lat' dir='ltr'><strong>trochaico:</strong></span> <span class='ocrx_word' id='word_1_15' title='bbox 817 581 932 624; x_wconf 88' lang='lat' dir='ltr'><strong>versus</strong></span> <span class='ocrx_word' id='word_1_16' title='bbox 956 584 987 626; x_wconf 89' lang='lat' dir='ltr'><strong>v.</strong></span> <span class='ocrx_word' id='word_1_17' title='bbox 999 561 1050 644; x_wconf 89' lang='lat'><strong>23,</strong></span> <span class='ocrx_word' id='word_1_18' title='bbox 1072 584 1103 626; x_wconf 86' lang='lat' dir='ltr'><strong>v.</strong></span> <span class='ocrx_word' id='word_1_19' title='bbox 1114 561 1252 646; x_wconf 82' lang='grc'>27-34,</span> 
     </span>
     <span class='ocr_line' id='line_1_4' title="bbox 154 667 1269 759; baseline 0.003 -27"><span class='ocrx_word' id='word_1_20' title='bbox 154 692 185 736; x_wconf 85' lang='lat' dir='ltr'><strong>v.</strong></span> <span class='ocrx_word' id='word_1_21' title='bbox 208 670 266 752; x_wconf 77' lang='lat'><strong>373</strong></span> <span class='ocrx_word' id='word_1_22' title='bbox 296 692 327 734; x_wconf 83' lang='lat' dir='ltr'><strong>v.</strong></span> <span class='ocrx_word' id='word_1_23' title='bbox 349 669 489 734; x_wconf 79' lang='lat'><strong>39-43:</strong></span> <span class='ocrx_word' id='word_1_24' title='bbox 522 668 646 754; x_wconf 81' lang='lat' dir='ltr'><strong>(deleto</strong></span> <span class='ocrx_word' id='word_1_25' title='bbox 675 671 773 757; x_wconf 77' lang='lat' dir='ltr'><strong>‘quia&#39;</strong></span> <span class='ocrx_word' id='word_1_26' title='bbox 803 668 838 733; x_wconf 92' lang='lat' dir='ltr'><strong>in</strong></span> <span class='ocrx_word' id='word_1_27' title='bbox 864 692 895 733; x_wconf 87' lang='lat' dir='ltr'><strong>v.</strong></span> <span class='ocrx_word' id='word_1_28' title='bbox 916 670 972 754; x_wconf 89' lang='grc'><strong>41)</strong></span> <span class='ocrx_word' id='word_1_29' title='bbox 1004 667 1159 734; x_wconf 79' lang='lat' dir='ltr'><strong>Gaaaaaat</strong></span> <span class='ocrx_word' id='word_1_30' title='bbox 1189 694 1269 759; x_wconf 72' lang='lat' dir='ltr'><strong>qua,</strong></span> 
     </span>
     <span class='ocr_line' id='line_1_5' title="bbox 154 778 1251 864; baseline 0.002 -22"><span class='ocrx_word' id='word_1_31' title='bbox 154 802 270 843; x_wconf 79' lang='lat' dir='ltr'><strong>causac</strong></span> <span class='ocrx_word' id='word_1_32' title='bbox 292 817 341 858; x_wconf 91' lang='lat'><strong>-,</strong></span> <span class='ocrx_word' id='word_1_33' title='bbox 365 779 450 844; x_wconf 83' lang='lat' dir='ltr'><strong>v.49</strong></span> <span class='ocrx_word' id='word_1_34' title='bbox 493 778 545 860; x_wconf 78' lang='lat'><strong>54,</strong></span> <span class='ocrx_word' id='word_1_35' title='bbox 568 799 764 864; x_wconf 90' lang='lat' dir='ltr'><strong>quamquam</strong></span> <span class='ocrx_word' id='word_1_36' title='bbox 781 800 895 843; x_wconf 88' lang='lat' dir='ltr'><strong>eorum</strong></span> <span class='ocrx_word' id='word_1_37' title='bbox 913 778 997 843; x_wconf 91' lang='lat' dir='ltr'><strong>alter</strong></span> <span class='ocrx_word' id='word_1_38' title='bbox 1011 779 1178 845; x_wconf 87' lang='lat' dir='ltr'><strong>mutilatus</strong></span> <span class='ocrx_word' id='word_1_39' title='bbox 1191 789 1251 859; x_wconf 86' lang='lat' dir='ltr'><strong>cst,</strong></span> 
     </span>
     <span class='ocr_line' id='line_1_6' title="bbox 158 887 1252 973; baseline 0.002 -21"><span class='ocrx_word' id='word_1_40' title='bbox 158 897 227 952; x_wconf 93' lang='lat' dir='ltr'><strong>tum</strong></span> <span class='ocrx_word' id='word_1_41' title='bbox 248 911 280 952; x_wconf 87' lang='lat' dir='ltr'><strong>v.</strong></span> <span class='ocrx_word' id='word_1_42' title='bbox 291 888 342 970; x_wconf 80' lang='lat'><strong>56,</strong></span> <span class='ocrx_word' id='word_1_43' title='bbox 365 912 396 953; x_wconf 85' lang='lat' dir='ltr'><strong>v.</strong></span> <span class='ocrx_word' id='word_1_44' title='bbox 407 888 543 973; x_wconf 78' lang='grc'>58-64,</span> <span class='ocrx_word' id='word_1_45' title='bbox 565 887 777 954; x_wconf 89' lang='lat' dir='ltr'><strong>turbatissimi</strong></span> <span class='ocrx_word' id='word_1_46' title='bbox 798 887 834 951; x_wconf 92' lang='lat' dir='ltr'><strong>in</strong></span> <span class='ocrx_word' id='word_1_47' title='bbox 854 888 1002 972; x_wconf 82' lang='lat' dir='ltr'><strong>vulgata,</strong></span> <span class='ocrx_word' id='word_1_48' title='bbox 1029 888 1077 954; x_wconf 91' lang='lat' dir='ltr'><strong>sie</strong></span> <span class='ocrx_word' id='word_1_49' title='bbox 1103 888 1176 954; x_wconf 82' lang='lat' dir='ltr'><strong>fere</strong></span> <span class='ocrx_word' id='word_1_50' title='bbox 1198 909 1252 954; x_wconf 85' lang='lat' dir='ltr'><strong>re·</strong></span> 
     </span>
     <span class='ocr_line' id='line_1_7' title="bbox 156 995 372 1063; baseline 0.005 -1"><span class='ocrx_word' id='word_1_51' title='bbox 156 995 372 1063; x_wconf 84' lang='lat' dir='ltr'><strong>concinandi:</strong></span> 
     </span>
     <span class='ocr_line' id='line_1_8' title="bbox 999 1104 1254 1192; baseline -0.004 -21"><span class='ocrx_word' id='word_1_52' title='bbox 999 1104 1119 1192; x_wconf 83' lang='lat' dir='ltr'>edepol</span> <span class='ocrx_word' id='word_1_53' title='bbox 1139 1104 1254 1170; x_wconf 76' lang='lat' dir='ltr'><strong>neseio</strong></span> 
     </span>
     <span class='ocr_line' id='line_1_9' title="bbox 239 1191 1254 1302; baseline 0.002 -24"><span class='ocrx_word' id='word_1_54' title='bbox 239 1213 328 1296; x_wconf 76' lang='lat' dir='ltr'><strong>ouri</strong></span> <span class='ocrx_word' id='word_1_55' title='bbox 347 1223 383 1279; x_wconf 78' lang='lat' dir='ltr'><strong>tu</strong></span> <span class='ocrx_word' id='word_1_56' title='bbox 406 1214 566 1280; x_wconf 70' lang='lat' dir='ltr'><strong>simona:</strong></span> <span class='ocrx_word' id='word_1_57' title='bbox 592 1213 738 1302; x_wconf 70' lang='lat' dir='ltr'><strong>:rapias</strong></span> <span class='ocrx_word' id='word_1_58' title='bbox 759 1213 908 1301; x_wconf 66' lang='lat' dir='ltr'><strong>upana.</strong></span> <span class='ocrx_word' id='word_1_59' title='bbox 940 1191 986 1284; x_wconf 76' lang='lat' dir='ltr'><strong>:a</strong></span> <span class='ocrx_word' id='word_1_60' title='bbox 1006 1213 1103 1280; x_wconf 71' lang='lat' dir='ltr'><strong>video</strong></span> <span class='ocrx_word' id='word_1_61' title='bbox 1127 1214 1254 1280; x_wconf 72' lang='lat' dir='ltr'><strong>vortam</strong></span> 
     </span>
     <span class='ocr_line' id='line_1_10' title="bbox 1117 1331 1210 1387; baseline -0.022 0"><span class='ocrx_word' id='word_1_62' title='bbox 1117 1331 1210 1387; x_wconf 92' lang='lat' dir='ltr'><strong>tuum</strong></span> 
     </span>
    </p>

    <p class='ocr_par' dir='ltr' id='par_1_3' title="bbox 155 1431 1254 1718">
     <span class='ocr_line' id='line_1_11' title="bbox 240 1431 976 1510; baseline -0.005 -10"><span class='ocrx_word' id='word_1_63' title='bbox 240 1432 352 1510; x_wconf 85' lang='lat' dir='ltr'><strong>[Mihi]</strong></span> <span class='ocrx_word' id='word_1_64' title='bbox 374 1431 489 1498; x_wconf 85' lang='lat' dir='ltr'><strong>videre</strong></span> <span class='ocrx_word' id='word_1_65' title='bbox 513 1431 749 1497; x_wconf 81' lang='lat' dir='ltr'><strong>commeruisse</strong></span> <span class='ocrx_word' id='word_1_66' title='bbox 772 1431 826 1496; x_wconf 90' lang='lat' dir='ltr'><strong>hic</strong></span> <span class='ocrx_word' id='word_1_67' title='bbox 848 1465 888 1479; x_wconf 92' lang='lat'><strong>—-</strong></span> <span class='ocrx_word' id='word_1_68' title='bbox 913 1440 976 1496; x_wconf 86' lang='lat' dir='ltr'><strong>etc.</strong></span> 
     </span>
     <span class='ocr_line' id='line_1_12' title="bbox 155 1539 1254 1629; baseline -0.004 -22"><span class='ocrx_word' id='word_1_69' title='bbox 155 1565 265 1629; x_wconf 89' lang='lat' dir='ltr'><strong>neque</strong></span> <span class='ocrx_word' id='word_1_70' title='bbox 286 1543 393 1607; x_wconf 85' lang='lat' dir='ltr'><strong>minus</strong></span> <span class='ocrx_word' id='word_1_71' title='bbox 414 1540 582 1607; x_wconf 60' lang='lat' dir='ltr'><strong>voc-69</strong></span> <span class='ocrx_word' id='word_1_72' title='bbox 606 1539 720 1619; x_wconf 79' lang='lat' dir='ltr'><strong>‘Quam</strong></span> <span class='ocrx_word' id='word_1_73' title='bbox 743 1540 780 1604; x_wconf 79' lang='lat' dir='ltr'><strong>id</strong></span> <span class='ocrx_word' id='word_1_74' title='bbox 799 1555 968 1628; x_wconf 76' lang='lat' dir='ltr'><strong>arpentum</strong></span> <span class='ocrx_word' id='word_1_75' title='bbox 993 1578 1035 1589; x_wconf 91' lang='lat'>-</span> <span class='ocrx_word' id='word_1_76' title='bbox 1057 1563 1142 1605; x_wconf 78' lang='lat' dir='ltr'><strong>uuae</strong></span> <span class='ocrx_word' id='word_1_77' title='bbox 1165 1541 1254 1620; x_wconf 80' lang='lat' dir='ltr'><strong>iam’,</strong></span> 
     </span>
     <span class='ocr_line' id='line_1_13' title="bbox 158 1653 343 1718; baseline 0 -2"><span class='ocrx_word' id='word_1_78' title='bbox 158 1676 190 1718; x_wconf 87' lang='lat' dir='ltr'><strong>v.</strong></span> <span class='ocrx_word' id='word_1_79' title='bbox 210 1653 343 1718; x_wconf 75' lang='lat'><strong>73-74.</strong></span> 
     </span>
    </p>

    <p class='ocr_par' dir='ltr' id='par_1_4' title="bbox 155 1757 1254 2170">
     <span class='ocr_line' id='line_1_14' title="bbox 242 1757 1254 1847; baseline -0.003 -21"><span class='ocrx_word' id='word_1_80' title='bbox 242 1761 369 1846; x_wconf 89' lang='lat' dir='ltr'><strong>Itaque,</strong></span> <span class='ocrx_word' id='word_1_81' title='bbox 394 1761 456 1825; x_wconf 89' lang='lat' dir='ltr'><strong>nisi</strong></span> <span class='ocrx_word' id='word_1_82' title='bbox 480 1783 563 1846; x_wconf 89' lang='lat' dir='ltr'><strong>quae</strong></span> <span class='ocrx_word' id='word_1_83' title='bbox 585 1761 682 1825; x_wconf 86' lang='lat' dir='ltr'><strong>modo</strong></span> <span class='ocrx_word' id='word_1_84' title='bbox 708 1758 865 1847; x_wconf 88' lang='lat' dir='ltr'>proposui</span> <span class='ocrx_word' id='word_1_85' title='bbox 894 1782 912 1822; x_wconf 91' lang='lat' dir='ltr'><strong>a</strong></span> <span class='ocrx_word' id='word_1_86' title='bbox 939 1780 1020 1823; x_wconf 81' lang='lat' dir='ltr'><strong>vero</strong></span> <span class='ocrx_word' id='word_1_87' title='bbox 1040 1757 1138 1823; x_wconf 91' lang='lat' dir='ltr'><strong>nimis</strong></span> <span class='ocrx_word' id='word_1_88' title='bbox 1160 1779 1254 1823; x_wconf 90' lang='lat' dir='ltr'><strong>reee-</strong></span> 
     </span>
     <span class='ocr_line' id='line_1_15' title="bbox 156 1867 1254 1953; baseline -0.003 -19"><span class='ocrx_word' id='word_1_89' title='bbox 156 1870 235 1935; x_wconf 89' lang='lat' dir='ltr'><strong>dere</strong></span> <span class='ocrx_word' id='word_1_90' title='bbox 266 1870 432 1953; x_wconf 85' lang='lat' dir='ltr'><strong>videntur,</strong></span> <span class='ocrx_word' id='word_1_91' title='bbox 463 1869 559 1934; x_wconf 87' lang='lat' dir='ltr'><strong>huius</strong></span> <span class='ocrx_word' id='word_1_92' title='bbox 589 1890 708 1933; x_wconf 82' lang='lat' dir='ltr'>scenae</span> <span class='ocrx_word' id='word_1_93' title='bbox 736 1868 796 1932; x_wconf 88' lang='lat' dir='ltr'><strong>hos</strong></span> <span class='ocrx_word' id='word_1_94' title='bbox 823 1867 888 1931; x_wconf 92' lang='lat' dir='ltr'><strong>iam</strong></span> <span class='ocrx_word' id='word_1_95' title='bbox 918 1867 1109 1932; x_wconf 89' lang='lat' dir='ltr'><strong>habebimus</strong></span> <span class='ocrx_word' id='word_1_96' title='bbox 1138 1887 1254 1931; x_wconf 86' lang='lat' dir='ltr'><strong>versus</strong></span> 
     </span>
     <span class='ocr_line' id='line_1_16' title="bbox 157 1977 1253 2067; baseline -0.003 -24"><span class='ocrx_word' id='word_1_97' title='bbox 157 1979 341 2045; x_wconf 88' lang='lat' dir='ltr'><strong>trochaicos</strong></span> <span class='ocrx_word' id='word_1_98' title='bbox 353 1979 574 2067; x_wconf 77' lang='lat' dir='ltr'><strong>septenarios:</strong></span> <span class='ocrx_word' id='word_1_99' title='bbox 597 1977 709 2059; x_wconf 89' lang='grc'>1-16,</span> <span class='ocrx_word' id='word_1_100' title='bbox 722 1977 857 2059; x_wconf 90' lang='grc'>20-21,</span> <span class='ocrx_word' id='word_1_101' title='bbox 872 1977 924 2060; x_wconf 89' lang='grc'><strong>23,</strong></span> <span class='ocrx_word' id='word_1_102' title='bbox 941 1977 1077 2060; x_wconf 81' lang='grc'>21-34,</span> <span class='ocrx_word' id='word_1_103' title='bbox 1095 1977 1146 2059; x_wconf 83' lang='grc'><strong>37,</strong></span> <span class='ocrx_word' id='word_1_104' title='bbox 1167 1977 1253 2042; x_wconf 87' lang='grc'><strong>39-</strong></span> 
     </span>
     <span class='ocr_line' id='line_1_17' title="bbox 155 2085 1017 2170; baseline -0.005 -17"><span class='ocrx_word' id='word_1_105' title='bbox 155 2088 207 2170; x_wconf 84' lang='grc'><strong>43,</strong></span> <span class='ocrx_word' id='word_1_106' title='bbox 226 2087 268 2151; x_wconf 89' lang='grc'><strong>49</strong></span> <span class='ocrx_word' id='word_1_107' title='bbox 310 2089 361 2170; x_wconf 74' lang='lat'><strong>54,</strong></span> <span class='ocrx_word' id='word_1_108' title='bbox 382 2087 434 2169; x_wconf 81' lang='lat'><strong>56,</strong></span> <span class='ocrx_word' id='word_1_109' title='bbox 455 2086 589 2168; x_wconf 78' lang='lat'><strong>58-64,</strong></span> <span class='ocrx_word' id='word_1_110' title='bbox 611 2085 747 2167; x_wconf 85' lang='grc'>68-69,</span> <span class='ocrx_word' id='word_1_111' title='bbox 770 2086 903 2151; x_wconf 82' lang='grc'><strong>73-74.</strong></span> <span class='ocrx_word' id='word_1_112' title='bbox 1014 2103 1017 2108; x_wconf 89' lang='grc'><em>·</em></span> 
     </span>
    </p>

    <p class='ocr_par' dir='ltr' id='par_1_5' title="bbox 155 2193 1256 3380">
     <span class='ocr_line' id='line_1_18' title="bbox 241 2193 1252 2283; baseline -0.004 -20"><span class='ocrx_word' id='word_1_113' title='bbox 241 2200 354 2283; x_wconf 84' lang='lat' dir='ltr'><strong>Atque</strong></span> <span class='ocrx_word' id='word_1_114' title='bbox 379 2197 434 2283; x_wconf 91' lang='lat' dir='ltr'><strong>qui</strong></span> <span class='ocrx_word' id='word_1_115' title='bbox 458 2197 567 2263; x_wconf 83' lang='lat' dir='ltr'><strong>relicti</strong></span> <span class='ocrx_word' id='word_1_116' title='bbox 592 2205 668 2260; x_wconf 90' lang='lat' dir='ltr'><strong>sunt</strong></span> <span class='ocrx_word' id='word_1_117' title='bbox 691 2217 807 2260; x_wconf 85' lang='lat' dir='ltr'><strong>versus</strong></span> <span class='ocrx_word' id='word_1_118' title='bbox 838 2217 917 2260; x_wconf 90' lang='lat' dir='ltr'><strong>cave</strong></span> <span class='ocrx_word' id='word_1_119' title='bbox 945 2194 1102 2260; x_wconf 81' lang='lat' dir='ltr'><strong>iambicos</strong></span> <span class='ocrx_word' id='word_1_120' title='bbox 1135 2193 1252 2259; x_wconf 75' lang='lat' dir='ltr'><strong>eredas</strong></span> 
     </span>
     <span class='ocr_line' id='line_1_19' title="bbox 158 2303 1256 2396; baseline -0.005 -22"><span class='ocrx_word' id='word_1_121' title='bbox 158 2309 363 2396; x_wconf 84' lang='lat' dir='ltr'><strong>septenarios</strong></span> <span class='ocrx_word' id='word_1_122' title='bbox 386 2328 457 2372; x_wconf 87' lang='lat' dir='ltr'><strong>esse</strong></span> <span class='ocrx_word' id='word_1_123' title='bbox 483 2307 538 2371; x_wconf 85' lang='lat' dir='ltr'><strong>vel</strong></span> <span class='ocrx_word' id='word_1_124' title='bbox 561 2304 757 2371; x_wconf 82' lang='lat' dir='ltr'><strong>octonarios.</strong></span> <span class='ocrx_word' id='word_1_125' title='bbox 800 2304 940 2369; x_wconf 89' lang='lat' dir='ltr'><strong>Plurimi</strong></span> <span class='ocrx_word' id='word_1_126' title='bbox 964 2303 1051 2368; x_wconf 91' lang='lat' dir='ltr'><strong>enim</strong></span> <span class='ocrx_word' id='word_1_127' title='bbox 1075 2326 1118 2369; x_wconf 85' lang='lat' dir='ltr'><strong>ex</strong></span> <span class='ocrx_word' id='word_1_128' title='bbox 1141 2326 1256 2370; x_wconf 90' lang='lat' dir='ltr'><strong>eorum</strong></span> 
     </span>
     <span class='ocr_line' id='line_1_20' title="bbox 158 2413 1255 2500; baseline -0.003 -18"><span class='ocrx_word' id='word_1_129' title='bbox 158 2440 295 2483; x_wconf 91' lang='lat' dir='ltr'><strong>numero</strong></span> <span class='ocrx_word' id='word_1_130' title='bbox 327 2427 382 2480; x_wconf 88' lang='lat' dir='ltr'><strong>aut</strong></span> <span class='ocrx_word' id='word_1_131' title='bbox 411 2416 519 2480; x_wconf 90' lang='lat' dir='ltr'><strong>manci</strong></span> <span class='ocrx_word' id='word_1_132' title='bbox 549 2425 625 2480; x_wconf 84' lang='lat' dir='ltr'><strong>sunt</strong></span> <span class='ocrx_word' id='word_1_133' title='bbox 654 2424 709 2478; x_wconf 87' lang='lat' dir='ltr'><strong>aut</strong></span> <span class='ocrx_word' id='word_1_134' title='bbox 730 2438 748 2478; x_wconf 92' lang='lat' dir='ltr'><strong>a</strong></span> <span class='ocrx_word' id='word_1_135' title='bbox 768 2413 931 2479; x_wconf 88' lang='lat' dir='ltr'><strong>sententia</strong></span> <span class='ocrx_word' id='word_1_136' title='bbox 960 2413 1005 2478; x_wconf 85' lang='lat' dir='ltr'><strong>ita</strong></span> <span class='ocrx_word' id='word_1_137' title='bbox 1028 2413 1185 2500; x_wconf 83' lang='lat' dir='ltr'><strong>corrupti,</strong></span> <span class='ocrx_word' id='word_1_138' title='bbox 1217 2424 1255 2479; x_wconf 90' lang='lat' dir='ltr'><strong>ut</strong></span> 
     </span>
     <span class='ocr_line' id='line_1_21' title="bbox 157 2523 1253 2608; baseline -0.005 -14"><span class='ocrx_word' id='word_1_139' title='bbox 157 2527 222 2594; x_wconf 86' lang='lat' dir='ltr'><strong>sint</strong></span> <span class='ocrx_word' id='word_1_140' title='bbox 248 2525 446 2592; x_wconf 87' lang='lat' dir='ltr'><strong>emendandi</strong></span> <span class='ocrx_word' id='word_1_141' title='bbox 469 2535 501 2590; x_wconf 88' lang='lat' dir='ltr'><strong>et</strong></span> <span class='ocrx_word' id='word_1_142' title='bbox 523 2534 637 2590; x_wconf 90' lang='lat' dir='ltr'><strong>contra</strong></span> <span class='ocrx_word' id='word_1_143' title='bbox 659 2547 765 2588; x_wconf 90' lang='lat' dir='ltr'><strong>meam</strong></span> <span class='ocrx_word' id='word_1_144' title='bbox 787 2523 983 2590; x_wconf 87' lang='lat' dir='ltr'><strong>sententiam</strong></span> <span class='ocrx_word' id='word_1_145' title='bbox 1007 2523 1090 2587; x_wconf 89' lang='lat' dir='ltr'><strong>nihil</strong></span> <span class='ocrx_word' id='word_1_146' title='bbox 1110 2524 1253 2608; x_wconf 85' lang='lat' dir='ltr'><strong>valeant,</strong></span> 
     </span>
     <span class='ocr_line' id='line_1_22' title="bbox 159 2631 1255 2722; baseline -0.003 -22"><span class='ocrx_word' id='word_1_147' title='bbox 159 2636 215 2722; x_wconf 93' lang='lat' dir='ltr'><strong>qui</strong></span> <span class='ocrx_word' id='word_1_148' title='bbox 242 2646 317 2700; x_wconf 91' lang='lat' dir='ltr'><strong>sunt</strong></span> <span class='ocrx_word' id='word_1_149' title='bbox 344 2635 437 2699; x_wconf 88' lang='lat' dir='ltr'><strong>hice:</strong></span> <span class='ocrx_word' id='word_1_150' title='bbox 470 2658 501 2699; x_wconf 88' lang='lat' dir='ltr'><strong>v.</strong></span> <span class='ocrx_word' id='word_1_151' title='bbox 522 2634 571 2717; x_wconf 78' lang='lat'><strong>17,</strong></span> <span class='ocrx_word' id='word_1_152' title='bbox 594 2657 625 2700; x_wconf 82' lang='lat' dir='ltr'><strong>v.</strong></span> <span class='ocrx_word' id='word_1_153' title='bbox 645 2633 696 2718; x_wconf 87' lang='grc'><strong>22,</strong></span> <span class='ocrx_word' id='word_1_154' title='bbox 717 2656 749 2698; x_wconf 87' lang='lat' dir='ltr'><strong>v.</strong></span> <span class='ocrx_word' id='word_1_155' title='bbox 768 2632 809 2699; x_wconf 87' lang='grc'><strong>38</strong></span> <span class='ocrx_word' id='word_1_156' title='bbox 834 2633 905 2718; x_wconf 92' lang='lat' dir='ltr'><strong>(ubi</strong></span> <span class='ocrx_word' id='word_1_157' title='bbox 926 2631 1197 2718; x_wconf 76' lang='lat' dir='ltr'><strong>‘percunctanter&#39;</strong></span> <span class='ocrx_word' id='word_1_158' title='bbox 1219 2633 1255 2697; x_wconf 90' lang='lat' dir='ltr'><strong>in</strong></span> 
     </span>
     <span class='ocr_line' id='line_1_23' title="bbox 155 2739 1254 2825; baseline -0.003 -19"><span class='ocrx_word' id='word_1_159' title='bbox 155 2742 312 2825; x_wconf 87' lang='lat' dir='ltr'><strong>Vetere),</strong></span> <span class='ocrx_word' id='word_1_160' title='bbox 343 2763 375 2804; x_wconf 89' lang='lat' dir='ltr'><strong>v.</strong></span> <span class='ocrx_word' id='word_1_161' title='bbox 395 2740 448 2824; x_wconf 83' lang='lat'><strong>48,</strong></span> <span class='ocrx_word' id='word_1_162' title='bbox 476 2763 506 2805; x_wconf 86' lang='lat' dir='ltr'><strong>v.</strong></span> <span class='ocrx_word' id='word_1_163' title='bbox 522 2741 573 2823; x_wconf 79' lang='lat'><strong>55,</strong></span> <span class='ocrx_word' id='word_1_164' title='bbox 602 2764 633 2804; x_wconf 83' lang='lat' dir='ltr'><strong>v.</strong></span> <span class='ocrx_word' id='word_1_165' title='bbox 654 2739 788 2822; x_wconf 77' lang='lat'><strong>65-68,</strong></span> <span class='ocrx_word' id='word_1_166' title='bbox 813 2739 957 2825; x_wconf 88' lang='lat' dir='ltr'><strong>denique</strong></span> <span class='ocrx_word' id='word_1_167' title='bbox 980 2762 1012 2805; x_wconf 88' lang='lat' dir='ltr'><strong>v.</strong></span> <span class='ocrx_word' id='word_1_168' title='bbox 1031 2739 1154 2804; x_wconf 82' lang='grc'>10-72</span> <span class='ocrx_word' id='word_1_169' title='bbox 1175 2739 1254 2805; x_wconf 90' lang='lat' dir='ltr'><strong>item</strong></span> 
     </span>
     <span class='ocr_line' id='line_1_24' title="bbox 159 2850 1255 2938; baseline -0.004 -21"><span class='ocrx_word' id='word_1_170' title='bbox 159 2851 316 2938; x_wconf 87' lang='lat' dir='ltr'><strong>corrupti.</strong></span> <span class='ocrx_word' id='word_1_171' title='bbox 359 2850 432 2915; x_wconf 86' lang='lat' dir='ltr'><strong>Nec</strong></span> <span class='ocrx_word' id='word_1_172' title='bbox 454 2851 528 2938; x_wconf 91' lang='lat' dir='ltr'><strong>plus</strong></span> <span class='ocrx_word' id='word_1_173' title='bbox 557 2850 630 2916; x_wconf 91' lang='lat' dir='ltr'><strong>aliis</strong></span> <span class='ocrx_word' id='word_1_174' title='bbox 662 2850 856 2935; x_wconf 88' lang='lat' dir='ltr'><strong>quibusdam</strong></span> <span class='ocrx_word' id='word_1_175' title='bbox 883 2850 1092 2916; x_wconf 88' lang='lat' dir='ltr'><strong>tribuendum</strong></span> <span class='ocrx_word' id='word_1_176' title='bbox 1124 2850 1196 2933; x_wconf 92' lang='lat' dir='ltr'><strong>erit,</strong></span> <span class='ocrx_word' id='word_1_177' title='bbox 1227 2850 1255 2916; x_wconf 89' lang='lat' dir='ltr'><strong>si</strong></span> 
     </span>
     <span class='ocr_line' id='line_1_25' title="bbox 158 2959 1254 3048; baseline -0.003 -22"><span class='ocrx_word' id='word_1_178' title='bbox 158 2961 207 3027; x_wconf 86' lang='lat' dir='ltr'><strong>dis</strong></span> <span class='ocrx_word' id='word_1_179' title='bbox 238 2961 359 3048; x_wconf 89' lang='lat' dir='ltr'><strong>placet,</strong></span> <span class='ocrx_word' id='word_1_180' title='bbox 392 2960 539 3025; x_wconf 86' lang='lat' dir='ltr'><strong>iambicis</strong></span> <span class='ocrx_word' id='word_1_181' title='bbox 571 2959 720 3043; x_wconf 88' lang='lat' dir='ltr'><strong>senariis,</strong></span> <span class='ocrx_word' id='word_1_182' title='bbox 753 2961 840 3044; x_wconf 91' lang='lat' dir='ltr'><strong>quod</strong></span> <span class='ocrx_word' id='word_1_183' title='bbox 875 2959 1009 3045; x_wconf 91' lang='lat' dir='ltr'><strong>quidem</strong></span> <span class='ocrx_word' id='word_1_184' title='bbox 1041 2982 1254 3024; x_wconf 91' lang='lat' dir='ltr'><strong>numerorum</strong></span> 
     </span>
     <span class='ocr_line' id='line_1_26' title="bbox 158 3068 1254 3157; baseline -0.002 -23"><span class='ocrx_word' id='word_1_185' title='bbox 158 3091 264 3154; x_wconf 84' lang='lat' dir='ltr'><strong>genus</strong></span> <span class='ocrx_word' id='word_1_186' title='bbox 288 3070 328 3135; x_wconf 90' lang='lat' dir='ltr'><strong>ab</strong></span> <span class='ocrx_word' id='word_1_187' title='bbox 354 3070 414 3135; x_wconf 89' lang='lat' dir='ltr'><strong>hac</strong></span> <span class='ocrx_word' id='word_1_188' title='bbox 435 3092 535 3134; x_wconf 90' lang='lat' dir='ltr'><strong>scena</strong></span> <span class='ocrx_word' id='word_1_189' title='bbox 560 3068 741 3134; x_wconf 89' lang='lat' dir='ltr'><strong>arcendum</strong></span> <span class='ocrx_word' id='word_1_190' title='bbox 756 3090 829 3134; x_wconf 89' lang='lat' dir='ltr'><strong>esse</strong></span> <span class='ocrx_word' id='word_1_191' title='bbox 844 3068 879 3133; x_wconf 91' lang='lat' dir='ltr'><strong>in</strong></span> <span class='ocrx_word' id='word_1_192' title='bbox 894 3069 1068 3157; x_wconf 89' lang='lat' dir='ltr'><strong>propatulo</strong></span> <span class='ocrx_word' id='word_1_193' title='bbox 1084 3078 1142 3134; x_wconf 90' lang='lat' dir='ltr'><strong>est.</strong></span> <span class='ocrx_word' id='word_1_194' title='bbox 1175 3069 1254 3134; x_wconf 92' lang='lat' dir='ltr'><strong>Per-</strong></span> 
     </span>
     <span class='ocr_line' id='line_1_27' title="bbox 158 3179 1254 3263; baseline 0 -19"><span class='ocrx_word' id='word_1_195' title='bbox 158 3180 265 3244; x_wconf 90' lang='lat' dir='ltr'><strong>tinent</strong></span> <span class='ocrx_word' id='word_1_196' title='bbox 286 3180 351 3244; x_wconf 91' lang='lat' dir='ltr'><strong>huc</strong></span> <span class='ocrx_word' id='word_1_197' title='bbox 374 3205 405 3244; x_wconf 85' lang='lat' dir='ltr'><strong>v.</strong></span> <span class='ocrx_word' id='word_1_198' title='bbox 418 3180 460 3244; x_wconf 93' lang='lat'><strong>22</strong></span> <span class='ocrx_word' id='word_1_199' title='bbox 483 3189 515 3244; x_wconf 89' lang='lat' dir='ltr'><strong>et</strong></span> <span class='ocrx_word' id='word_1_200' title='bbox 538 3204 569 3245; x_wconf 86' lang='lat' dir='ltr'><strong>v.</strong></span> <span class='ocrx_word' id='word_1_201' title='bbox 583 3180 718 3261; x_wconf 85' lang='grc'>44-47,</span> <span class='ocrx_word' id='word_1_202' title='bbox 741 3179 925 3263; x_wconf 87' lang='lat' dir='ltr'><strong>quierunt,</strong></span> <span class='ocrx_word' id='word_1_203' title='bbox 947 3179 974 3244; x_wconf 90' lang='lat' dir='ltr'><strong>si</strong></span> <span class='ocrx_word' id='word_1_204' title='bbox 985 3179 1101 3245; x_wconf 83' lang='lat' dir='ltr'><strong>Brixio</strong></span> <span class='ocrx_word' id='word_1_205' title='bbox 1117 3179 1254 3245; x_wconf 90' lang='lat' dir='ltr'><strong>credere</strong></span> 
     </span>
     <span class='ocr_line' id='line_1_28' title="bbox 160 3285 1212 3380; baseline 0.003 -30"><span class='ocrx_word' id='word_1_206' title='bbox 160 3286 273 3352; x_wconf 90' lang='lat' dir='ltr'><strong>licebit</strong></span> <span class='ocrx_word' id='word_1_207' title='bbox 295 3287 317 3351; x_wconf 90' lang='lat' dir='ltr'><strong>l.</strong></span> <span class='ocrx_word' id='word_1_208' title='bbox 343 3287 365 3350; x_wconf 94' lang='lat' dir='ltr'><strong>l.</strong></span> <span class='ocrx_word' id='word_1_209' title='bbox 388 3311 420 3375; x_wconf 91' lang='lat' dir='ltr'><strong>p.</strong></span> <span class='ocrx_word' id='word_1_210' title='bbox 439 3288 487 3369; x_wconf 81' lang='lat'><strong>15,</strong></span> <span class='ocrx_word' id='word_1_211' title='bbox 512 3285 576 3350; x_wconf 91' lang='lat' dir='ltr'><strong>duo</strong></span> <span class='ocrx_word' id='word_1_212' title='bbox 599 3286 721 3380; x_wconf 88' lang='lat' dir='ltr'><strong>senarii</strong></span> <span class='ocrx_word' id='word_1_213' title='bbox 743 3310 817 3352; x_wconf 93' lang='lat' dir='ltr'><strong>cum</strong></span> <span class='ocrx_word' id='word_1_214' title='bbox 842 3287 1011 3353; x_wconf 89' lang='lat' dir='ltr'><strong>octonario</strong></span> <span class='ocrx_word' id='word_1_215' title='bbox 1036 3287 1212 3353; x_wconf 89' lang='lat' dir='ltr'><strong>coniuncti.</strong></span> 
     </span>
    </p>

    <p class='ocr_par' dir='ltr' id='par_1_6' title="bbox 158 3395 1255 3699">
     <span class='ocr_line' id='line_1_29' title="bbox 241 3395 1255 3486; baseline 0.003 -26"><span class='ocrx_word' id='word_1_216' title='bbox 241 3395 307 3478; x_wconf 82' lang='lat' dir='ltr'><strong>Qui</strong></span> <span class='ocrx_word' id='word_1_217' title='bbox 330 3397 395 3461; x_wconf 90' lang='lat' dir='ltr'><strong>iam</strong></span> <span class='ocrx_word' id='word_1_218' title='bbox 416 3397 477 3461; x_wconf 89' lang='lat' dir='ltr'><strong>soli</strong></span> <span class='ocrx_word' id='word_1_219' title='bbox 499 3406 624 3461; x_wconf 90' lang='lat' dir='ltr'><strong>restant</strong></span> <span class='ocrx_word' id='word_1_220' title='bbox 645 3397 802 3463; x_wconf 89' lang='lat' dir='ltr'><strong>versiculi</strong></span> <span class='ocrx_word' id='word_1_221' title='bbox 823 3398 954 3462; x_wconf 88' lang='lat' dir='ltr'><strong>iambici</strong></span> <span class='ocrx_word' id='word_1_222' title='bbox 976 3398 1104 3462; x_wconf 89' lang='lat' dir='ltr'><strong>numeri</strong></span> <span class='ocrx_word' id='word_1_223' title='bbox 1118 3397 1168 3462; x_wconf 91' lang='lat' dir='ltr'><strong>illi</strong></span> <span class='ocrx_word' id='word_1_224' title='bbox 1183 3420 1255 3486; x_wconf 88' lang='lat' dir='ltr'><strong>spe·</strong></span> 
     </span>
     <span class='ocr_line' id='line_1_30' title="bbox 158 3506 1255 3595; baseline 0.001 -26"><span class='ocrx_word' id='word_1_225' title='bbox 158 3506 244 3571; x_wconf 91' lang='lat' dir='ltr'><strong>ciem</strong></span> <span class='ocrx_word' id='word_1_226' title='bbox 264 3529 345 3594; x_wconf 87' lang='lat' dir='ltr'><strong>prae</strong></span> <span class='ocrx_word' id='word_1_227' title='bbox 367 3529 402 3570; x_wconf 91' lang='lat' dir='ltr'><strong>sc</strong></span> <span class='ocrx_word' id='word_1_228' title='bbox 426 3508 582 3588; x_wconf 84' lang='lat' dir='ltr'><strong>ferentes,</strong></span> <span class='ocrx_word' id='word_1_229' title='bbox 603 3507 637 3570; x_wconf 94' lang='lat' dir='ltr'><strong>hi</strong></span> <span class='ocrx_word' id='word_1_230' title='bbox 657 3517 733 3571; x_wconf 90' lang='lat' dir='ltr'><strong>sunt</strong></span> <span class='ocrx_word' id='word_1_231' title='bbox 752 3507 928 3595; x_wconf 88' lang='lat' dir='ltr'><strong>perpauci:</strong></span> <span class='ocrx_word' id='word_1_232' title='bbox 951 3530 982 3572; x_wconf 87' lang='lat' dir='ltr'><strong>v.</strong></span> <span class='ocrx_word' id='word_1_233' title='bbox 997 3507 1046 3591; x_wconf 88' lang='grc'><strong>18,</strong></span> <span class='ocrx_word' id='word_1_234' title='bbox 1071 3506 1124 3571; x_wconf 92' lang='lat' dir='ltr'><strong>cui</strong></span> <span class='ocrx_word' id='word_1_235' title='bbox 1145 3516 1255 3571; x_wconf 87' lang='lat' dir='ltr'><strong>tamen</strong></span> 
     </span>
     <span class='ocr_line' id='line_1_31' title="bbox 159 3614 1046 3699; baseline 0.002 -21"><span class='ocrx_word' id='word_1_236' title='bbox 159 3615 344 3682; x_wconf 75' lang='lat' dir='ltr'><strong>trochaico:</strong></span> <span class='ocrx_word' id='word_1_237' title='bbox 370 3614 452 3680; x_wconf 88' lang='lat' dir='ltr'><strong>ictus</strong></span> <span class='ocrx_word' id='word_1_238' title='bbox 478 3638 551 3680; x_wconf 92' lang='lat' dir='ltr'><strong>cum</strong></span> <span class='ocrx_word' id='word_1_239' title='bbox 576 3615 698 3683; x_wconf 85' lang='lat' dir='ltr'><strong>Guieto</strong></span> <span class='ocrx_word' id='word_1_240' title='bbox 721 3615 768 3680; x_wconf 91' lang='lat' dir='ltr'><strong>sic</strong></span> <span class='ocrx_word' id='word_1_241' title='bbox 791 3615 926 3680; x_wconf 89' lang='lat' dir='ltr'><strong>reddas:</strong></span> <span class='ocrx_word' id='word_1_242' title='bbox 1044 3695 1046 3699; x_wconf 11' lang='lat' dir='ltr'>y</span> 
     </span>
    </p>

    <p class='ocr_par' dir='ltr' id='par_1_7' title="bbox 158 3723 1256 4249">
     <span class='ocr_line' id='line_1_32' title="bbox 241 3723 1255 3810; baseline 0.002 -22"><span class='ocrx_word' id='word_1_243' title='bbox 241 3723 329 3805; x_wconf 78' lang='lat' dir='ltr'><strong>Quid</strong></span> <span class='ocrx_word' id='word_1_244' title='bbox 351 3723 441 3789; x_wconf 88' lang='lat' dir='ltr'><strong>erilis</strong></span> <span class='ocrx_word' id='word_1_245' title='bbox 456 3723 593 3788; x_wconf 77' lang='lat' dir='ltr'><strong>noster?</strong></span> <span class='ocrx_word' id='word_1_246' title='bbox 615 3723 786 3789; x_wconf 85' lang='lat' dir='ltr'><strong>Valetne‘?</strong></span> <span class='ocrx_word' id='word_1_247' title='bbox 808 3724 960 3808; x_wconf 80' lang='lat' dir='ltr'><strong>Pllgilice</strong></span> <span class='ocrx_word' id='word_1_248' title='bbox 977 3733 1074 3810; x_wconf 90' lang='lat' dir='ltr'><strong>atque</strong></span> <span class='ocrx_word' id='word_1_249' title='bbox 1087 3724 1255 3790; x_wconf 79' lang='lat' dir='ltr'><strong>athletice.</strong></span> 
     </span>
     <span class='ocr_line' id='line_1_33' title="bbox 158 3832 1255 3916; baseline 0 -18"><span class='ocrx_word' id='word_1_250' title='bbox 158 3844 228 3900; x_wconf 93' lang='lat' dir='ltr'><strong>tum</strong></span> <span class='ocrx_word' id='word_1_251' title='bbox 251 3858 281 3899; x_wconf 79' lang='lat' dir='ltr'><strong>v,</strong></span> <span class='ocrx_word' id='word_1_252' title='bbox 304 3834 353 3916; x_wconf 83' lang='lat'><strong>19,</strong></span> <span class='ocrx_word' id='word_1_253' title='bbox 375 3858 405 3899; x_wconf 85' lang='lat' dir='ltr'><strong>v.</strong></span> <span class='ocrx_word' id='word_1_254' title='bbox 419 3833 471 3916; x_wconf 83' lang='lat'><strong>24,</strong></span> <span class='ocrx_word' id='word_1_255' title='bbox 491 3832 582 3898; x_wconf 88' lang='lat' dir='ltr'><strong>hiatu</strong></span> <span class='ocrx_word' id='word_1_256' title='bbox 606 3832 693 3898; x_wconf 89' lang='lat' dir='ltr'><strong>iuter</strong></span> <span class='ocrx_word' id='word_1_257' title='bbox 717 3833 897 3898; x_wconf 74' lang='lat' dir='ltr'><strong>‘homiaem&#39;</strong></span> <span class='ocrx_word' id='word_1_258' title='bbox 917 3845 949 3898; x_wconf 91' lang='lat' dir='ltr'><strong>et</strong></span> <span class='ocrx_word' id='word_1_259' title='bbox 972 3833 1089 3898; x_wconf 81' lang='lat' dir='ltr'><strong>‘lodie’</strong></span> <span class='ocrx_word' id='word_1_260' title='bbox 1111 3834 1255 3916; x_wconf 87' lang='lat' dir='ltr'><strong>vitiatus,</strong></span> 
     </span>
     <span class='ocr_line' id='line_1_34' title="bbox 158 3941 1255 4030; baseline 0.001 -23"><span class='ocrx_word' id='word_1_261' title='bbox 158 3944 215 4008; x_wconf 93' lang='lat' dir='ltr'><strong>ubi</strong></span> <span class='ocrx_word' id='word_1_262' title='bbox 238 3943 332 4008; x_wconf 90' lang='lat' dir='ltr'><strong>nullo</strong></span> <span class='ocrx_word' id='word_1_263' title='bbox 356 3943 491 4028; x_wconf 87' lang='lat' dir='ltr'><strong>negotio</strong></span> <span class='ocrx_word' id='word_1_264' title='bbox 514 3952 726 4030; x_wconf 86' lang='lat' dir='ltr'><strong>transponas:</strong></span> <span class='ocrx_word' id='word_1_265' title='bbox 749 3941 859 4022; x_wconf 77' lang='lat' dir='ltr'><strong>‘Quem</strong></span> <span class='ocrx_word' id='word_1_266' title='bbox 881 3943 1039 4028; x_wconf 75' lang='lat' dir='ltr'><strong>bominem</strong></span> <span class='ocrx_word' id='word_1_267' title='bbox 1063 3944 1160 4007; x_wconf 80' lang='lat' dir='ltr'><strong>dr&#39;cea’</strong></span> <span class='ocrx_word' id='word_1_268' title='bbox 1182 3952 1255 4025; x_wconf 73' lang='lat' dir='ltr'><strong>etc,</strong></span> 
     </span>
     <span class='ocr_line' id='line_1_35' title="bbox 159 4051 1256 4141; baseline -0.001 -25"><span class='ocrx_word' id='word_1_269' title='bbox 159 4076 190 4118; x_wconf 87' lang='lat' dir='ltr'><strong>v.</strong></span> <span class='ocrx_word' id='word_1_270' title='bbox 207 4052 258 4136; x_wconf 78' lang='grc'><strong>25,</strong></span> <span class='ocrx_word' id='word_1_271' title='bbox 279 4076 310 4117; x_wconf 87' lang='lat' dir='ltr'><strong>v.</strong></span> <span class='ocrx_word' id='word_1_272' title='bbox 324 4052 377 4134; x_wconf 90' lang='grc'><strong>26,</strong></span> <span class='ocrx_word' id='word_1_273' title='bbox 400 4052 492 4119; x_wconf 86' lang='lat' dir='ltr'><strong>cuins</strong></span> <span class='ocrx_word' id='word_1_274' title='bbox 516 4051 670 4116; x_wconf 76' lang='lat' dir='ltr'><strong>‘vinciaci’</strong></span> <span class='ocrx_word' id='word_1_275' title='bbox 694 4052 1019 4118; x_wconf 79' lang='lat' dir='ltr'><strong>verbumex‘ulmci&#39;</strong></span> <span class='ocrx_word' id='word_1_276' title='bbox 1040 4054 1256 4141; x_wconf 85' lang='lat' dir='ltr'><strong>depravatum</strong></span> 
     </span>
     <span class='ocr_line' id='line_1_36' title="bbox 159 4159 1255 4249; baseline -0.004 -22"><span class='ocrx_word' id='word_1_277' title='bbox 159 4182 231 4227; x_wconf 85' lang='lat' dir='ltr'><strong>esse</strong></span> <span class='ocrx_word' id='word_1_278' title='bbox 253 4171 287 4226; x_wconf 89' lang='lat' dir='ltr'><strong>et</strong></span> <span class='ocrx_word' id='word_1_279' title='bbox 309 4160 380 4249; x_wconf 91' lang='lat' dir='ltr'><strong>ipse</strong></span> <span class='ocrx_word' id='word_1_280' title='bbox 402 4159 470 4224; x_wconf 85' lang='lat' dir='ltr'><strong>vidi</strong></span> <span class='ocrx_word' id='word_1_281' title='bbox 493 4168 527 4225; x_wconf 86' lang='lat' dir='ltr'><strong>ct</strong></span> <span class='ocrx_word' id='word_1_282' title='bbox 547 4160 626 4226; x_wconf 92' lang='lat' dir='ltr'><strong>olim</strong></span> <span class='ocrx_word' id='word_1_283' title='bbox 647 4170 722 4248; x_wconf 84' lang='lat' dir='ltr'><strong>post</strong></span> <span class='ocrx_word' id='word_1_284' title='bbox 743 4160 825 4226; x_wconf 88' lang='lat' dir='ltr'><strong>alios</strong></span> <span class='ocrx_word' id='word_1_285' title='bbox 847 4161 1020 4249; x_wconf 86' lang='lat' dir='ltr'><strong>perspexit</strong></span> <span class='ocrx_word' id='word_1_286' title='bbox 1043 4161 1255 4227; x_wconf 89' lang='lat' dir='ltr'><strong>Hermannus</strong></span> 
     </span>
    </p>
   </div>
   <div class='ocr_carea' id='block_1_3' title="bbox 0 0 1416 4830">
    <p class='ocr_par' dir='ltr' id='par_1_8' title="bbox 0 0 1416 4830">
     <span class='ocr_line' id='line_1_37' title="bbox 0 0 1416 4830; baseline 0 0"><span class='ocrx_word' id='word_1_287' title='bbox 0 0 1416 4830; x_wconf 95' lang='lat' dir='ltr'><strong> </strong></span> 
     </span>
    </p>
   </div>
  </div>
 </body>
</html>
