2820 4830
763 275 784 339 2

226 463 378 528 lenonem
403 470 567 547 repertam
591 483 661 526 esse
678 460 816 543 dicebat,
839 461 879 524 ad
900 461 983 529 hanc
1004 460 1103 526 filiam
1124 459 1325 526 liberandam

226 583 409 660 acceperat.
433 574 461 655 I,
485 573 511 636 1.
536 570 615 635 Mox
631 570 701 657 ipso
718 570 1101 658 advenitStratippocles
1119 594 1192 634 cum
1209 571 1325 654 amico,

228 703 323 768 quem
346 704 420 745 cum
442 682 562 744 frustra
586 690 733 743 mutuum
760 688 856 762 roget
878 689 1067 763 argentum,
1096 680 1130 743 in
1152 678 1325 767 Epidicum

227 789 386 876 pecuniae
409 789 645 876 comparandae
671 812 787 853 munus
812 788 986 852 confertur.
1024 789 1135 872 Atque
1158 811 1224 872 cro,
1247 791 1324 874 quid

227 898 359 963 fidicina
380 898 436 961 illa
460 898 522 961 iam
548 908 656 982 empta
676 897 732 961 fiat
752 895 920 983 quaerenti
942 896 995 960 hic
1011 898 1189 985 respondet
1207 898 1325 963 Euboi·

226 1030 299 1071 cum
325 1029 396 1072 eam
419 1007 557 1071 militem
582 1006 744 1093 deperire,
768 1029 876 1090 quem,
898 1006 953 1072 ubi
977 1007 1173 1093 compererit
1188 1007 1326 1093 Stratip-

228 1116 333 1202 poclis
348 1139 491 1180 amorem
507 1116 616 1180 locum
629 1116 815 1199 mutavisse,
839 1139 898 1203 pro
915 1116 972 1180 illa
986 1126 1157 1201 argentum
1175 1117 1327 1182 lubenter

228 1222 378 1288 daturum
401 1246 482 1288 esse.
506 1226 533 1305 I,
555 1225 584 1287 2.

312 1332 482 1397 Prodeant
504 1333 567 1396 iam
589 1333 623 1397 in
646 1354 773 1396 scenam
788 1333 990 1419 Periphanes
1008 1355 1110 1397 senex
1128 1357 1199 1397 cum
1215 1335 1327 1422 Apoe-

228 1440 302 1506 cide
318 1442 433 1523 amico,
455 1464 592 1525 quorum
610 1464 651 1505 cx
672 1442 837 1528 colloquio
854 1443 917 1531 hoc
935 1453 1081 1530 apparet,
1101 1443 1196 1506 illum
1213 1444 1326 1508 mulie-

228 1573 309 1636 rem,
332 1574 427 1636 quam
449 1553 526 1616 olim
550 1562 788 1638 compresserat
811 1553 968 1636 cuiusque
987 1553 1183 1617 desiderium
1206 1553 1274 1618 filia
1297 1555 1326 1617 ei

229 1687 248 1727 a
272 1684 365 1726 servo
388 1662 554 1749 supposita
583 1662 793 1745 excitaverat,
823 1664 856 1726 in
887 1654 1126 1728 matrimoniiam
1156 1664 1327 1728 ducturum

233 1793 314 1854 esse,
345 1771 378 1835 ni
410 1770 524 1854 lilium,
554 1771 608 1854 qui
639 1781 687 1835 est
710 1771 958 1858 Stratippocles,
990 1783 1207 1837 revereretur.
1231 1772 1275 1857 II,
1300 1777 1328 1838 1.

232 1879 357 1949 Suadet
377 1879 692 1964 igiturApoecides,
713 1891 749 1944 ut
772 1881 875 1943 filium
901 1881 933 1944 in
956 1881 1161 1945 matrimonio
1177 1883 1327 1963 collocet,

236 1989 269 2053 id
290 1989 377 2073 quod
403 1988 496 2052 etiam
522 1988 626 2072 magis
654 2009 692 2052 eo
715 1988 931 2070 commendat,
955 1989 1041 2072 quod
1058 1989 1149 2053 illum
1163 1990 1327 2056 fidicinam

233 2097 372 2184 aliquam
398 2096 549 2182 deperire
572 2099 740 2162 audiverit.
765 2097 870 2164 Audit
892 2097 953 2161 hoc
974 2097 1129 2184 Epidicus
1151 2099 1327 2184 auditoque

233 2207 343 2272 statim
365 2229 483 2270 usurus
512 2228 607 2271 sones
638 2207 781 2293 appellat
812 2217 987 2291 narratque
1016 2208 1128 2292 plenas
1157 2231 1228 2273 esse
1258 2210 1326 2273 vias

234 2314 373 2380 militum
389 2336 428 2378 ex
445 2315 534 2378 bello
548 2314 671 2378 Thebis
689 2315 914 2397 redeuntium3
940 2316 1055 2399 quibus
1072 2317 1157 2380 inter
1173 2341 1325 2402 magnum

233 2425 443 2489 meretricum
458 2445 628 2488 numerum
644 2424 772 2489 obviam
789 2425 886 2488 ivisse
902 2426 998 2489 etiam
1015 2425 1101 2489 erilis
1115 2426 1162 2489 fili
1179 2427 1326 2491 amicam.

231 2532 282 2597 Ibi
303 2554 337 2597 se
365 2555 407 2597 ex
430 2533 621 2597 mulieribus
645 2533 835 2617 quibusdam
861 2534 1023 2598 audivisse
1051 2535 1090 2600 ad
1117 2536 1326 2600 meretricem

232 2641 321 2706 illam
345 2642 606 2729 aStratlppoclc
630 2642 766 2706 tabellas
788 2644 911 2706 adlatas
935 2665 1016 2723 csso,
1040 2644 1156 2727 quibus
1178 2645 1235 2708 ille
1254 2667 1328 2730 pro·

233 2751 387 2833 mitteret,
416 2773 452 2815 se
471 2752 511 2815 ad
534 2774 602 2815 eam
627 2752 828 2816 liberandam
854 2763 1027 2838 argentum
1049 2752 1172 2816 Thebis
1193 2755 1328 2818 faenore

230 2871 394 2949 sumptum
419 2863 560 2926 laturum
586 2883 668 2926 osse.
699 2861 767 2924 Iam
791 2861 893 2944 igitur
911 2864 979 2926 seni
996 2863 1072 2946 quid
1089 2863 1189 2926 faciat
1203 2863 1328 2928 incerto

229 2968 285 3032 dat
303 2969 361 3032 ille
378 2968 560 3051 consilium,
580 2978 616 3032 ut
631 2968 857 3032 mulierculam
874 2969 980 3051 istam,
996 2970 1062 3033 nati
1082 2969 1328 3054 corruptricem,

228 3088 484 3166 praemercetur,
506 3087 539 3141 et
561 3078 693 3163 quidem
718 3090 881 3164 tamquam
904 3080 936 3143 in
953 3078 1140 3143 libertatem
1156 3088 1253 3164 atque
1268 3098 1329 3162 per

230 3188 459 3272 internuntios,
484 3210 524 3251 ne
546 3187 651 3275 ipsum
675 3210 743 3252 rem
767 3197 920 3272 agentem
942 3187 988 3252 fili
1010 3211 1104 3252 eausa
1125 3187 1235 3252 facere
1252 3186 1327 3252 leno

226 3294 412 3380 suspicetur
444 3305 477 3358 et
506 3316 576 3359 eam
607 3293 648 3358 ob
676 3294 889 3380 suspitionem
921 3293 1133 3358 difficultates
1166 3293 1327 3359 eveniant.

229 3404 415 3488 Argentum
440 3441 479 3448 —
503 3404 646 3490 postulat
668 3425 747 3468 vero
770 3404 810 3467 ad
834 3403 1049 3489 quadraginta
1072 3403 1175 3467 minas
1190 3441 1224 3449 -
1239 3402 1325 3467 Rho-

227 3513 318 3578 dium
342 3513 504 3599 quendam
527 3514 663 3577 militem
687 3513 837 3578 fidicinae
860 3512 946 3576 illius
973 3523 1006 3576 et
1029 3513 1136 3599 ipsum
1164 3520 1327 3575 amantem

228 3623 380 3688 lubenter
408 3623 612 3687 redditurum
637 3644 719 3687 csse.
763 3623 822 3688 Rei
853 3622 954 3706 igitur
985 3621 1151 3707 gerendae
1186 3618 1327 3707 Epidico

227 3742 360 3797 auctore
383 3732 572 3817 Apoecides
596 3732 791 3820 praeficitur,
817 3732 870 3818 qui
893 3732 944 3795 vir
961 3731 1031 3795 iura
1048 3741 1080 3795 et
1097 3731 1190 3814 leges
1206 3738 1328 3811 teneat,

228 3841 325 3926 cique
348 3841 418 3927 ipse
443 3863 478 3905 se
502 3862 614 3905 servus
640 3841 758 3906 callide
786 3841 908 3906 socium
932 3841 1089 3926 adiungit.
1134 3841 1247 3923 Atque
1269 3836 1328 3902 ille

229 3949 263 4013 in
284 3950 394 4013 forum
415 3950 491 4032 abit,
514 3972 577 4036 quo
592 3971 627 4014 se
642 3949 814 4037 Epidicum
831 3950 922 4034 sequi
937 3950 1037 4014 iubet.
1060 3948 1148 4030 11,2.
1170 3949 1204 4013 Is
1218 3956 1327 4010 autem

228 4068 401 4143 argentum
425 4083 443 4122 a
466 4055 649 4145 Periphane
673 4059 735 4122 sibi
763 4057 918 4122 traditum
943 4057 982 4122 ad
1009 4058 1123 4122 erilem
1145 4056 1249 4121 filium
1271 4053 1327 4117 dc·

227 4168 315 4232 ferre
339 4177 371 4232 et
394 4168 559 4255 Apoecidi
583 4168 778 4234 conductam
805 4168 947 4253 aliquam
970 4168 1145 4251 fidicinam,
1178 4185 1262 4250 quae
1292 4184 1329 4229 se
