2820 4830
646 271 686 336 13

112 453 231 520 listidis
254 455 374 520 mentio
396 455 479 540 fieri,
504 478 586 543 quae
610 464 678 520 tum
706 477 766 541 pro
788 454 856 520 filia
878 455 965 520 domi
989 466 1066 520 orat.
1124 454 1211 537 Quid

113 564 224 650 igitur,
246 565 272 629 si
296 565 328 630 in
358 565 420 629 hac
449 565 615 629 nominum
644 563 856 629 similitudine
889 564 1038 630 librarios
1068 565 1211 630 incuriae

114 695 316 756 accusemus,
348 696 413 738 non
443 675 598 759 poetam?
644 673 699 741 Sic
728 674 807 744 olim
831 672 1051 756 Camerarius,
1079 673 1128 737 vir
1156 674 1211 738 illc

114 781 256 868 simplici
278 805 421 867 veroque
447 783 568 846 iudicio
591 782 742 867 insignis,
766 783 820 867 qui
842 781 994 847 aut‘Huc
1008 781 1211 847 Teleata'dem’

115 890 295 975 legendum
319 912 391 956 esso
416 892 542 957 censuit
564 901 629 971 aut,
651 891 737 977 quod
761 901 870 955 tamen
885 890 1009 956 nullam
1026 891 1210 976 habetpro-

113 999 326 1082 habilitatem,
354 1000 656 1066 ‘Acrotelestidcm’.
696 999 1002 1066 Cuiussententiam
1024 1001 1210 1086 comproba-

114 1107 161 1172 vit
173 1107 362 1175 Gronovius
384 1111 438 1194 ita,
460 1120 495 1175 ut
509 1111 627 1174 ‘Foras
646 1110 846 1173 'fetandam‘
867 1108 963 1175 scribi
984 1110 1094 1192 vellet,
1116 1110 1213 1195 quod,

115 1217 191 1281 dum
219 1219 403 1284 emendatio
421 1221 520 1285 etiam
553 1219 754 1307 probabilior
783 1218 916 1282 inventa
946 1218 1019 1300 erit,
1052 1219 1211 1303 recipien-

116 1324 194 1390 dum
219 1337 277 1391 est.

200 1484 269 1549 Iam
291 1484 487 1571 gravissima
510 1507 668 1572 quaeque,
699 1507 780 1569 quac
812 1493 923 1550 contra
956 1483 1087 1548 fabulae
1118 1508 1212 1570 argu-

122 1603 266 1658 mentum
291 1595 426 1678 eiusque
449 1594 604 1658 unitatem
634 1604 688 1658 aut
720 1593 846 1681 prolata
878 1603 953 1658 sunt
986 1602 1041 1657 aut
1073 1594 1212 1680 proferri

119 1712 280 1787 poterant,
301 1703 328 1766 si
352 1725 405 1767 res
428 1702 520 1767 nobis
543 1702 685 1767 feliciter
708 1704 853 1786 cesserit,
877 1702 1075 1767 sustulimus.
1129 1701 1212 1767 Nam

117 1810 204 1894 quod
226 1813 255 1894 I,
278 1810 308 1892 2,
329 1813 371 1874 50
394 1811 486 1875 miles
511 1810 673 1876 Euboicus
705 1811 899 1898 appellatur,
921 1811 965 1894 II,
989 1813 1018 1893 ἱ),
1045 1811 1212 1878 11511110-

119 1919 201 2005 dius,
225 1921 259 1984 in
282 1921 344 1984 hoc
368 1920 520 2006 equidem
543 1944 607 1984 non
631 1921 774 1992 offendo.
818 1920 892 1984 Illic
923 1921 1019 2005 onim,
1052 1921 1105 1985 ubi
1139 1944 1212 1985 cum

119 2027 337 2114 Stratippocle
360 2029 514 2113 loquitur,
536 2052 651 2094 servus
674 2053 787 2093 verum
813 2029 902 2113 dicit,
922 2030 1030 2115 itaqua
1048 2028 1211 2094 Euboicus

117 2135 221 2219 miles,
240 2137 495 2223 Acropolistidis
521 2148 655 2220 amator,
680 2137 744 2217 Ill,
765 2138 796 2221 l,
819 2137 859 2200 ad
883 2138 1017 2201 amicam
1044 2136 1214 2201 emendam

117 2242 149 2308 in
173 2267 304 2309 scenam
326 2247 454 2333 prodit3
485 2247 537 2311 hio
561 2269 638 2311 vcro
662 2256 775 2311 contra
798 2269 891 2310 senes
917 2245 1086 2310 mendacia
1108 2245 1214 2310 fundit

116 2355 202 2418 veris
225 2376 302 2420 sane
322 2355 496 2440 permixta,
518 2357 576 2421 sed
597 2368 704 2419 tamen
729 2378 792 2419 non
815 2355 962 2442 amplius,
983 2378 1079 2441 quiam
1099 2354 1131 2418 in
1145 2377 1214 2419 rom

118 2471 166 2527 est
193 2462 403 2547 consilioque,
429 2463 515 2546 quod
539 2464 686 2547 instituit,
720 2464 886 2547 convenit3
921 2464 975 2528 ubi
1013 2464 1100 2528 enim
1131 2488 1214 2528 com-

116 2570 211 2635 modo
242 2582 300 2653 est,
328 2572 494 2655 mentitur,
522 2573 611 2636 uelut
634 2573 679 2655 II,
701 2575 721 2636 2
743 2597 772 2636 v.
795 2574 845 2650 61,
869 2596 898 2638 u.
919 2573 969 2637 87.
1023 2572 1214 2637 Conceden-

116 2683 193 2744 dnm
217 2703 294 2747 sane
319 2682 380 2745 hoc
405 2691 463 2765 cst,
486 2682 653 2769 adipsum
677 2681 787 2745 dolum
802 2682 898 2768 plano
916 2681 995 2745 nibil
1019 2682 1215 2764 interfuisse,

119 2812 275 2854 verumne
295 2812 336 2853 an
350 2789 612 2854 commenticium
626 2813 744 2854 nomen
768 2790 898 2855 senibus
925 2804 1121 2855 memoraret
1139 2790 1214 2879 Epi·

119 2899 221 2982 dicus,
243 2922 316 2963 curn
341 2899 368 2964 is
401 2901 548 2984 profecto
581 2899 661 2963 nibil
693 2900 798 2964 minus
832 2909 956 2985 ageret,
987 2922 1081 2983 quam
1112 2909 1147 2963 ut
1177 2921 1213 2963 re

116 3030 194 3071 vera
219 3008 356 3072 militam
381 3008 420 3071 ad
452 3018 623 3092 argentum
648 3008 825 3096 Peripliani
849 3032 907 3095 pro
924 3008 1057 3074 fidicina
1072 3007 1213 3072 redden-

117 3115 194 3179 dum
216 3115 405 3180 adduceret.
441 3115 495 3178 Ad
519 3127 621 3180 artem
645 3126 754 3180 tamen
776 3117 861 3180 bane
887 3117 962 3180 mihi
985 3118 1047 3181 hoc
1072 3116 1136 3181 alio
1158 3139 1214 3181 no-

117 3225 204 3288 mine
229 3225 492 3290 substitutorem
515 3249 604 3290 suam
632 3237 728 3313 poeta
761 3226 1040 3291 administravissc
1075 3226 1214 3306 videtur,

118 3335 239 3421 quippe
273 3357 336 3420 quo
366 3336 501 3400 artificio
533 3346 673 3417 caveret,
708 3359 748 3399 nc
781 3337 866 3400 servi
902 3336 1034 3399 historia
1064 3334 1215 3399 mendaci

118 3445 261 3528 speciem
293 3445 389 3509 nimis
420 3445 584 3508 amitteret
606 3445 746 3527 ideoque
779 3445 836 3507 has
865 3466 977 3508 omncs
1009 3467 1079 3510 osse
1111 3467 1217 3509 meras

118 3553 265 3631 fallacias
294 3562 491 3641 spectatores
516 3551 796 3617 obliviscerentur.

203 3710 274 3775 Nec
304 3711 408 3796 magis
433 3710 601 3796 luodewigi
624 3710 784 3774 sententia
808 3731 847 3773 eo
878 3710 1033 3787 firmatur,
1066 3708 1152 3793 quod
1185 3717 1218 3771 et

119 3846 160 3888 ox
179 3833 240 3888 act·
255 3824 303 3888 lV
319 3846 363 3887 sc.
377 3823 411 3888 Il
433 3832 572 3887 exeunte
594 3832 626 3887 ct
648 3845 689 3886 ex
711 3821 803 3884 initio
827 3819 959 3883 alterius
982 3829 1042 3882 act.
1059 3819 1085 3878 V
1101 3841 1216 3883 scenae

118 3943 253 4021 apparot
283 3954 425 4015 servum,
457 3953 522 3996 nou
545 3929 757 4011 'relatiuam
789 3929 959 3994 asenibus
993 3938 1082 3992 tanto
1117 3947 1215 4015 opero

119 4042 298 4129 quaesitum
321 4063 402 4118 esse,
427 4062 522 4106 versu
550 4051 657 4104 antem
688 4049 869 4127 postremae
899 4037 993 4101 huius
1021 4057 1136 4100 scenae
1160 4036 1212 4116 54,

120 4150 173 4237 qni
196 4151 250 4215 hic
274 4160 386 4214 estex
410 4149 491 4214 VR:
