<?xml version="1.0" encoding="UTF-8"?>
<!DOCTYPE html PUBLIC "-//W3C//DTD XHTML 1.0 Transitional//EN"
    "http://www.w3.org/TR/xhtml1/DTD/xhtml1-transitional.dtd">
<html xmlns="http://www.w3.org/1999/xhtml" xml:lang="en" lang="en">
 <head>
  <title>
</title>
<meta http-equiv="Content-Type" content="text/html;charset=utf-8" />
  <meta name='ocr-system' content='tesseract 3.04.00' />
  <meta name='ocr-capabilities' content='ocr_page ocr_carea ocr_par ocr_line ocrx_word'/>
</head>
<body>
  <div class='ocr_page' id='page_1' title='image "./deplautiepidico01muelgoog_0035.png"; bbox 0 0 2820 4830; ppageno 0'>
   <div class='ocr_carea' id='block_1_1' title="bbox 735 251 776 319">
    <p class='ocr_par' dir='ltr' id='par_1_1' title="bbox 735 251 776 319">
     <span class='ocr_line' id='line_1_1' title="bbox 735 251 776 319; baseline -0.024 0"><span class='ocrx_word' id='word_1_1' title='bbox 735 251 776 319; x_wconf 84' lang='lat'>26</span> 
     </span>
    </p>
   </div>
   <div class='ocr_carea' id='block_1_2' title="bbox 207 435 1307 1208">
    <p class='ocr_par' dir='ltr' id='par_1_2' title="bbox 207 435 1307 741">
     <span class='ocr_line' id='line_1_2' title="bbox 207 435 1307 524; baseline 0.002 -23"><span class='ocrx_word' id='word_1_2' title='bbox 207 436 316 502; x_wconf 87' lang='lat' dir='ltr'>dratos</span> <span class='ocrx_word' id='word_1_3' title='bbox 337 438 401 502; x_wconf 85' lang='lat' dir='ltr'>v.3</span> <span class='ocrx_word' id='word_1_4' title='bbox 424 437 502 501; x_wconf 89' lang='lat' dir='ltr'>item</span> <span class='ocrx_word' id='word_1_5' title='bbox 527 436 721 523; x_wconf 88' lang='lat' dir='ltr'>quadratum</span> <span class='ocrx_word' id='word_1_6' title='bbox 742 460 804 524; x_wconf 90' lang='lat' dir='ltr'>per</span> <span class='ocrx_word' id='word_1_7' title='bbox 832 438 914 503; x_wconf 93' lang='lat' dir='ltr'>duos</span> <span class='ocrx_word' id='word_1_8' title='bbox 935 458 1051 502; x_wconf 87' lang='lat' dir='ltr'>versus</span> <span class='ocrx_word' id='word_1_9' title='bbox 1074 435 1242 523; x_wconf 78' lang='lat' dir='ltr'><strong>dispescit,</strong></span> <span class='ocrx_word' id='word_1_10' title='bbox 1269 446 1307 503; x_wconf 85' lang='lat' dir='ltr'>ut</span> 
     </span>
     <span class='ocr_line' id='line_1_3' title="bbox 207 541 1305 629; baseline 0.001 -19"><span class='ocrx_word' id='word_1_11' title='bbox 207 544 304 610; x_wconf 86' lang='lat' dir='ltr'>etiam</span> <span class='ocrx_word' id='word_1_12' title='bbox 319 545 384 609; x_wconf 83' lang='lat' dir='ltr'>v·4</span> <span class='ocrx_word' id='word_1_13' title='bbox 404 545 445 610; x_wconf 90' lang='lat' dir='ltr'>ab</span> <span class='ocrx_word' id='word_1_14' title='bbox 460 544 553 609; x_wconf 87' lang='lat' dir='ltr'>initio</span> <span class='ocrx_word' id='word_1_15' title='bbox 569 545 763 629; x_wconf 87' lang='lat' dir='ltr'>mutilatum,</span> <span class='ocrx_word' id='word_1_16' title='bbox 786 556 948 611; x_wconf 88' lang='lat' dir='ltr'>uteorum</span> <span class='ocrx_word' id='word_1_17' title='bbox 965 546 1047 611; x_wconf 88' lang='lat' dir='ltr'>haec</span> <span class='ocrx_word' id='word_1_18' title='bbox 1069 545 1111 611; x_wconf 90' lang='lat' dir='ltr'>sit</span> <span class='ocrx_word' id='word_1_19' title='bbox 1132 545 1167 609; x_wconf 88' lang='lat' dir='ltr'>in</span> <span class='ocrx_word' id='word_1_20' title='bbox 1188 541 1305 611; x_wconf 90' lang='lat' dir='ltr'>codice</span> 
     </span>
     <span class='ocr_line' id='line_1_4' title="bbox 207 655 352 741; baseline 0.014 -22"><span class='ocrx_word' id='word_1_21' title='bbox 207 655 352 741; x_wconf 91' lang='lat' dir='ltr'>species:</span> 
     </span>
    </p>

    <p class='ocr_par' dir='ltr' id='par_1_3' title="bbox 492 786 983 876">
     <span class='ocr_line' id='line_1_5' title="bbox 492 786 983 876; baseline 0 -21"><span class='ocrx_word' id='word_1_22' title='bbox 492 789 633 876; x_wconf 82' lang='lat' dir='ltr'>Respice</span> <span class='ocrx_word' id='word_1_23' title='bbox 655 808 734 852; x_wconf 85' lang='lat' dir='ltr'>vero</span> <span class='ocrx_word' id='word_1_24' title='bbox 757 786 930 875; x_wconf 79' lang='lat' dir='ltr'>Thesprio.</span> <span class='ocrx_word' id='word_1_25' title='bbox 952 787 983 855; x_wconf 95' lang='lat' dir='ltr'>O</span> 
     </span>
    </p>

    <p class='ocr_par' dir='ltr' id='par_1_4' title="bbox 486 903 999 993">
     <span class='ocr_line' id='line_1_6' title="bbox 486 903 999 993; baseline 0 -23"><span class='ocrx_word' id='word_1_26' title='bbox 486 904 706 993; x_wconf 84' lang='lat' dir='ltr'>Epidicumne</span> <span class='ocrx_word' id='word_1_27' title='bbox 729 925 792 990; x_wconf 84' lang='lat' dir='ltr'>ego</span> <span class='ocrx_word' id='word_1_28' title='bbox 815 903 999 992; x_wconf 86' lang='lat' dir='ltr'>conspicor.</span> 
     </span>
    </p>

    <p class='ocr_par' dir='ltr' id='par_1_5' title="bbox 490 1012 941 1079">
     <span class='ocr_line' id='line_1_7' title="bbox 490 1012 941 1079; baseline 0 -1"><span class='ocrx_word' id='word_1_29' title='bbox 490 1063 497 1078; x_wconf 94' lang='lat'><strong>.</strong></span> <span class='ocrx_word' id='word_1_30' title='bbox 523 1064 529 1078; x_wconf 93' lang='lat'><strong>.</strong></span> <span class='ocrx_word' id='word_1_31' title='bbox 555 1063 562 1078; x_wconf 87' lang='lat'>.</span> <span class='ocrx_word' id='word_1_32' title='bbox 583 1012 685 1079; x_wconf 85' lang='lat' dir='ltr'>Recte</span> <span class='ocrx_word' id='word_1_33' title='bbox 711 1013 814 1078; x_wconf 88' lang='lat' dir='ltr'>oculis</span> <span class='ocrx_word' id='word_1_34' title='bbox 837 1012 941 1078; x_wconf 88' lang='lat' dir='ltr'>uteris</span> 
     </span>
    </p>

    <p class='ocr_par' dir='ltr' id='par_1_6' title="bbox 490 1121 1305 1208">
     <span class='ocr_line' id='line_1_8' title="bbox 490 1121 1305 1208; baseline -0.002 -19"><span class='ocrx_word' id='word_1_35' title='bbox 490 1121 590 1189; x_wconf 83' lang='lat' dir='ltr'>Salve</span> <span class='ocrx_word' id='word_1_36' title='bbox 614 1172 621 1187; x_wconf 86' lang='lat'><strong>.</strong></span> <span class='ocrx_word' id='word_1_37' title='bbox 641 1122 686 1189; x_wconf 94' lang='lat' dir='ltr'>Di</span> <span class='ocrx_word' id='word_1_38' title='bbox 709 1123 789 1186; x_wconf 89' lang='lat' dir='ltr'>dent</span> <span class='ocrx_word' id='word_1_39' title='bbox 812 1144 897 1207; x_wconf 88' lang='lat' dir='ltr'>quae</span> <span class='ocrx_word' id='word_1_40' title='bbox 923 1122 1040 1206; x_wconf 82' lang='lat' dir='ltr'>(‘oeta&#39;s’</span> <span class='ocrx_word' id='word_1_41' title='bbox 1062 1125 1175 1181; x_wconf 82' lang='lat' dir='ltr'>videtur</span> <span class='ocrx_word' id='word_1_42' title='bbox 1192 1128 1305 1208; x_wconf 78' lang='lat' dir='ltr'>deesse)</span> 
     </span>
    </p>
   </div>
   <div class='ocr_carea' id='block_1_3' title="bbox 207 1255 1309 1564">
    <p class='ocr_par' dir='ltr' id='par_1_7' title="bbox 207 1255 1309 1564">
     <span class='ocr_line' id='line_1_9' title="bbox 207 1255 1309 1350; baseline 0.007 -32"><span class='ocrx_word' id='word_1_43' title='bbox 207 1280 237 1318; x_wconf 88' lang='lat' dir='ltr'>v.</span> <span class='ocrx_word' id='word_1_44' title='bbox 252 1255 335 1320; x_wconf 85' lang='lat'>5-6</span> <span class='ocrx_word' id='word_1_45' title='bbox 357 1257 391 1319; x_wconf 92' lang='lat' dir='ltr'>in</span> <span class='ocrx_word' id='word_1_46' title='bbox 415 1258 457 1321; x_wconf 87' lang='lat' dir='ltr'>A.</span> <span class='ocrx_word' id='word_1_47' title='bbox 481 1280 612 1344; x_wconf 89' lang='lat' dir='ltr'>quoque</span> <span class='ocrx_word' id='word_1_48' title='bbox 644 1259 856 1323; x_wconf 85' lang='lat' dir='ltr'>iambicorum</span> <span class='ocrx_word' id='word_1_49' title='bbox 889 1261 1132 1326; x_wconf 85' lang='lat' dir='ltr'>octonariorum</span> <span class='ocrx_word' id='word_1_50' title='bbox 1161 1261 1309 1350; x_wconf 86' lang='lat' dir='ltr'>speciem</span> 
     </span>
     <span class='ocr_line' id='line_1_10' title="bbox 207 1364 1307 1457; baseline 0.008 -31"><span class='ocrx_word' id='word_1_51' title='bbox 207 1385 288 1450; x_wconf 86' lang='lat' dir='ltr'>prae</span> <span class='ocrx_word' id='word_1_52' title='bbox 312 1386 347 1429; x_wconf 91' lang='lat' dir='ltr'>se</span> <span class='ocrx_word' id='word_1_53' title='bbox 370 1364 492 1447; x_wconf 85' lang='lat' dir='ltr'>ferunt,</span> <span class='ocrx_word' id='word_1_54' title='bbox 516 1366 577 1430; x_wconf 90' lang='lat' dir='ltr'>nisi</span> <span class='ocrx_word' id='word_1_55' title='bbox 600 1367 688 1452; x_wconf 87' lang='lat' dir='ltr'>quod</span> <span class='ocrx_word' id='word_1_56' title='bbox 708 1366 734 1430; x_wconf 91' lang='lat' dir='ltr'>is</span> <span class='ocrx_word' id='word_1_57' title='bbox 757 1367 935 1432; x_wconf 88' lang='lat' dir='ltr'>lectionem</span> <span class='ocrx_word' id='word_1_58' title='bbox 954 1371 1093 1457; x_wconf 88' lang='lat' dir='ltr'>praebet</span> <span class='ocrx_word' id='word_1_59' title='bbox 1106 1369 1231 1436; x_wconf 86' lang='lat' dir='ltr'>Vetere</span> <span class='ocrx_word' id='word_1_60' title='bbox 1253 1393 1307 1435; x_wconf 94' lang='lat' dir='ltr'>co-</span> 
     </span>
     <span class='ocr_line' id='line_1_11' title="bbox 208 1472 1308 1564; baseline 0.007 -28"><span class='ocrx_word' id='word_1_61' title='bbox 208 1472 282 1538; x_wconf 86' lang='lat' dir='ltr'>dice</span> <span class='ocrx_word' id='word_1_62' title='bbox 305 1494 344 1537; x_wconf 92' lang='lat' dir='ltr'>eo</span> <span class='ocrx_word' id='word_1_63' title='bbox 369 1472 578 1559; x_wconf 83' lang='lat' dir='ltr'>deteriorem,</span> <span class='ocrx_word' id='word_1_64' title='bbox 600 1475 688 1562; x_wconf 93' lang='lat' dir='ltr'>quod</span> <span class='ocrx_word' id='word_1_65' title='bbox 713 1477 812 1564; x_wconf 76' lang='lat' dir='ltr'>‘qnid’</span> <span class='ocrx_word' id='word_1_66' title='bbox 835 1499 1019 1564; x_wconf 89' lang='lat' dir='ltr'>pronomen</span> <span class='ocrx_word' id='word_1_67' title='bbox 1043 1501 1086 1543; x_wconf 83' lang='lat' dir='ltr'>cx</span> <span class='ocrx_word' id='word_1_68' title='bbox 1108 1479 1171 1544; x_wconf 76' lang='lat' dir='ltr'>v.7</span> <span class='ocrx_word' id='word_1_69' title='bbox 1196 1480 1308 1544; x_wconf 89' lang='lat' dir='ltr'>versui</span> 
     </span>
    </p>
   </div>
   <div class='ocr_carea' id='block_1_4' title="bbox 208 1585 1308 1678">
    <p class='ocr_par' dir='ltr' id='par_1_8' title="bbox 208 1585 1308 1678">
     <span class='ocr_line' id='line_1_12' title="bbox 208 1585 1308 1678; baseline 0.003 -29"><span class='ocrx_word' id='word_1_70' title='bbox 208 1594 302 1678; x_wconf 82' lang='lat' dir='ltr'>sexto</span> <span class='ocrx_word' id='word_1_71' title='bbox 325 1594 491 1671; x_wconf 85' lang='lat' dir='ltr'>tamquam</span> <span class='ocrx_word' id='word_1_72' title='bbox 515 1586 579 1650; x_wconf 92' lang='lat' dir='ltr'>huc</span> <span class='ocrx_word' id='word_1_73' title='bbox 600 1589 772 1675; x_wconf 84' lang='lat' dir='ltr'>pertinens</span> <span class='ocrx_word' id='word_1_74' title='bbox 793 1592 852 1655; x_wconf 90' lang='lat' dir='ltr'>sub</span> <span class='ocrx_word' id='word_1_75' title='bbox 879 1590 967 1654; x_wconf 85' lang='lat' dir='ltr'>linos</span> <span class='ocrx_word' id='word_1_76' title='bbox 988 1588 1144 1656; x_wconf 79' lang='lat' dir='ltr'>adnectit.</span> <span class='ocrx_word' id='word_1_77' title='bbox 1189 1585 1308 1675; x_wconf 85' lang='lat' dir='ltr'>Sequi-</span> 
     </span>
    </p>
   </div>
   <div class='ocr_carea' id='block_1_5' title="bbox 208 1694 1170 1802">
    <p class='ocr_par' dir='ltr' id='par_1_9' title="bbox 208 1694 1170 1802">
     <span class='ocr_line' id='line_1_13' title="bbox 208 1694 1170 1802; baseline 0.014 -46"><span class='ocrx_word' id='word_1_78' title='bbox 208 1702 261 1757; x_wconf 91' lang='lat' dir='ltr'>tur</span> <span class='ocrx_word' id='word_1_79' title='bbox 282 1717 313 1759; x_wconf 87' lang='lat' dir='ltr'>v.</span> <span class='ocrx_word' id='word_1_80' title='bbox 331 1694 348 1757; x_wconf 82' lang='grc'><strong>7</strong></span> <span class='ocrx_word' id='word_1_81' title='bbox 374 1695 421 1759; x_wconf 91' lang='lat' dir='ltr'>sic</span> <span class='ocrx_word' id='word_1_82' title='bbox 443 1694 655 1762; x_wconf 89' lang='lat' dir='ltr'>distributus:</span> <span class='ocrx_word' id='word_1_83' title='bbox 1161 1770 1170 1802; x_wconf 38' lang='grc' dir='ltr'><strong>ι</strong></span> 
     </span>
    </p>
   </div>
   <div class='ocr_carea' id='block_1_6' title="bbox 474 1829 1175 2026">
    <p class='ocr_par' dir='ltr' id='par_1_10' title="bbox 474 1829 1175 2026">
     <span class='ocr_line' id='line_1_14' title="bbox 634 1829 936 1915; baseline 0.013 -22"><span class='ocrx_word' id='word_1_84' title='bbox 634 1829 684 1894; x_wconf 88' lang='lat' dir='ltr'>Tu</span> <span class='ocrx_word' id='word_1_85' title='bbox 704 1830 776 1915; x_wconf 86' lang='lat' dir='ltr'>agis</span> <span class='ocrx_word' id='word_1_86' title='bbox 798 1841 834 1895; x_wconf 90' lang='lat' dir='ltr'>ut</span> <span class='ocrx_word' id='word_1_87' title='bbox 853 1831 936 1897; x_wconf 82' lang='lat' dir='ltr'>velis</span> 
     </span>
     <span class='ocr_line' id='line_1_15' title="bbox 474 1937 1175 2026; baseline 0.006 -25"><span class='ocrx_word' id='word_1_88' title='bbox 474 1937 674 2026; x_wconf 84' lang='lat' dir='ltr'>Exemplum</span> <span class='ocrx_word' id='word_1_89' title='bbox 700 1939 802 2005; x_wconf 83' lang='lat' dir='ltr'>adest.</span> <span class='ocrx_word' id='word_1_90' title='bbox 846 1940 1026 2024; x_wconf 87' lang='lat' dir='ltr'>Intellego.</span> <span class='ocrx_word' id='word_1_91' title='bbox 1068 1938 1175 2026; x_wconf 82' lang='lat' dir='ltr'>Euge.</span> 
     </span>
    </p>
   </div>
   <div class='ocr_carea' id='block_1_7' title="bbox 206 2073 1238 2162">
    <p class='ocr_par' dir='ltr' id='par_1_11' title="bbox 206 2073 1238 2162">
     <span class='ocr_line' id='line_1_16' title="bbox 206 2073 1238 2162; baseline 0.003 -27"><span class='ocrx_word' id='word_1_92' title='bbox 206 2075 274 2140; x_wconf 81' lang='lat' dir='ltr'>v.8</span> <span class='ocrx_word' id='word_1_93' title='bbox 295 2095 362 2138; x_wconf 92' lang='lat' dir='ltr'>uno</span> <span class='ocrx_word' id='word_1_94' title='bbox 386 2095 483 2140; x_wconf 90' lang='lat' dir='ltr'>versu</span> <span class='ocrx_word' id='word_1_95' title='bbox 506 2076 765 2162; x_wconf 89' lang='lat' dir='ltr'>comprehensus</span> <span class='ocrx_word' id='word_1_96' title='bbox 790 2085 849 2157; x_wconf 89' lang='lat' dir='ltr'>est,</span> <span class='ocrx_word' id='word_1_97' title='bbox 873 2074 937 2140; x_wconf 85' lang='lat' dir='ltr'>v.9</span> <span class='ocrx_word' id='word_1_98' title='bbox 957 2096 1072 2138; x_wconf 89' lang='lat' dir='ltr'>rursus</span> <span class='ocrx_word' id='word_1_99' title='bbox 1093 2073 1238 2139; x_wconf 86' lang='lat' dir='ltr'>duobus:</span> 
     </span>
    </p>
   </div>
   <div class='ocr_carea' id='block_1_8' title="bbox 470 2205 1035 2406">
    <p class='ocr_par' dir='ltr' id='par_1_12' title="bbox 470 2205 1035 2406">
     <span class='ocr_line' id='line_1_17' title="bbox 470 2205 1035 2293; baseline -0.002 -22"><span class='ocrx_word' id='word_1_100' title='bbox 470 2206 473 2211; x_wconf 47' lang='lat'><em>⁴</em></span> <span class='ocrx_word' id='word_1_101' title='bbox 550 2206 657 2289; x_wconf 83' lang='lat' dir='ltr'>Quam</span> <span class='ocrx_word' id='word_1_102' title='bbox 680 2208 813 2293; x_wconf 89' lang='lat' dir='ltr'>quidem</span> <span class='ocrx_word' id='word_1_103' title='bbox 836 2217 869 2273; x_wconf 89' lang='lat' dir='ltr'>te</span> <span class='ocrx_word' id='word_1_104' title='bbox 891 2207 955 2271; x_wconf 86' lang='lat' dir='ltr'>iam</span> <span class='ocrx_word' id='word_1_105' title='bbox 980 2205 1035 2270; x_wconf 91' lang='lat' dir='ltr'>diu</span> 
     </span>
     <span class='ocr_line' id='line_1_18' title="bbox 549 2315 918 2406; baseline 0.005 -25"><span class='ocrx_word' id='word_1_106' title='bbox 549 2315 738 2382; x_wconf 89' lang='lat' dir='ltr'>Perdidisse</span> <span class='ocrx_word' id='word_1_107' title='bbox 763 2319 918 2406; x_wconf 85' lang='lat' dir='ltr'>oportuit.</span> 
     </span>
    </p>
   </div>
   <div class='ocr_carea' id='block_1_9' title="bbox 207 2449 1310 2868">
    <p class='ocr_par' dir='ltr' id='par_1_13' title="bbox 207 2449 1310 2868">
     <span class='ocr_line' id='line_1_19' title="bbox 210 2449 1308 2536; baseline -0.003 -22"><span class='ocrx_word' id='word_1_108' title='bbox 210 2449 299 2514; x_wconf 91' lang='lat' dir='ltr'>Hinc</span> <span class='ocrx_word' id='word_1_109' title='bbox 323 2471 402 2515; x_wconf 86' lang='lat' dir='ltr'>vero</span> <span class='ocrx_word' id='word_1_110' title='bbox 415 2473 520 2536; x_wconf 89' lang='lat' dir='ltr'>usque</span> <span class='ocrx_word' id='word_1_111' title='bbox 533 2451 573 2515; x_wconf 91' lang='lat' dir='ltr'>ad</span> <span class='ocrx_word' id='word_1_112' title='bbox 587 2475 617 2516; x_wconf 87' lang='lat' dir='ltr'>v.</span> <span class='ocrx_word' id='word_1_113' title='bbox 630 2451 671 2515; x_wconf 78' lang='lat'>22</span> <span class='ocrx_word' id='word_1_114' title='bbox 690 2451 821 2516; x_wconf 89' lang='lat' dir='ltr'>eosdem</span> <span class='ocrx_word' id='word_1_115' title='bbox 837 2452 936 2517; x_wconf 90' lang='lat' dir='ltr'>habet</span> <span class='ocrx_word' id='word_1_116' title='bbox 949 2473 1076 2533; x_wconf 81' lang='lat' dir='ltr'>versus,</span> <span class='ocrx_word' id='word_1_117' title='bbox 1099 2469 1180 2535; x_wconf 86' lang='lat' dir='ltr'>quos</span> <span class='ocrx_word' id='word_1_118' title='bbox 1194 2449 1308 2530; x_wconf 87' lang='lat' dir='ltr'>Vetus,</span> 
     </span>
     <span class='ocr_line' id='line_1_20' title="bbox 208 2559 1310 2650; baseline -0.001 -27"><span class='ocrx_word' id='word_1_119' title='bbox 208 2569 278 2623; x_wconf 92' lang='lat' dir='ltr'>tum</span> <span class='ocrx_word' id='word_1_120' title='bbox 300 2583 330 2625; x_wconf 82' lang='grc' dir='ltr'>ν.</span> <span class='ocrx_word' id='word_1_121' title='bbox 348 2559 388 2624; x_wconf 84' lang='grc'>23</span> <span class='ocrx_word' id='word_1_122' title='bbox 407 2569 472 2624; x_wconf 91' lang='lat' dir='ltr'>tam</span> <span class='ocrx_word' id='word_1_123' title='bbox 494 2561 576 2626; x_wconf 89' lang='lat' dir='ltr'>mire</span> <span class='ocrx_word' id='word_1_124' title='bbox 598 2561 769 2650; x_wconf 81' lang='lat' dir='ltr'>scriptum,</span> <span class='ocrx_word' id='word_1_125' title='bbox 801 2570 838 2625; x_wconf 90' lang='lat' dir='ltr'>ut</span> <span class='ocrx_word' id='word_1_126' title='bbox 868 2561 956 2647; x_wconf 91' lang='lat' dir='ltr'>quod</span> <span class='ocrx_word' id='word_1_127' title='bbox 988 2571 1037 2627; x_wconf 90' lang='lat' dir='ltr'>est</span> <span class='ocrx_word' id='word_1_128' title='bbox 1060 2559 1203 2648; x_wconf 82' lang='lat' dir='ltr'>primunr</span> <span class='ocrx_word' id='word_1_129' title='bbox 1234 2559 1310 2623; x_wconf 72' lang='lat' dir='ltr'>‘ius&#39;</span> 
     </span>
     <span class='ocr_line' id='line_1_21' title="bbox 210 2668 1310 2758; baseline 0 -26"><span class='ocrx_word' id='word_1_130' title='bbox 210 2670 408 2734; x_wconf 86' lang='lat' dir='ltr'>vocabulum</span> <span class='ocrx_word' id='word_1_131' title='bbox 433 2670 539 2735; x_wconf 87' lang='lat' dir='ltr'>solum</span> <span class='ocrx_word' id='word_1_132' title='bbox 562 2671 669 2736; x_wconf 87' lang='lat' dir='ltr'>media</span> <span class='ocrx_word' id='word_1_133' title='bbox 688 2672 723 2735; x_wconf 91' lang='lat' dir='ltr'>in</span> <span class='ocrx_word' id='word_1_134' title='bbox 749 2671 836 2736; x_wconf 88' lang='lat' dir='ltr'>linea</span> <span class='ocrx_word' id='word_1_135' title='bbox 860 2670 1002 2758; x_wconf 90' lang='lat' dir='ltr'>positum</span> <span class='ocrx_word' id='word_1_136' title='bbox 1026 2670 1078 2752; x_wconf 89' lang='lat' dir='ltr'>sit,</span> <span class='ocrx_word' id='word_1_137' title='bbox 1099 2669 1133 2732; x_wconf 91' lang='lat' dir='ltr'>in</span> <span class='ocrx_word' id='word_1_138' title='bbox 1157 2668 1310 2754; x_wconf 80' lang='lat' dir='ltr'>sequenti</span> 
     </span>
     <span class='ocr_line' id='line_1_22' title="bbox 207 2778 898 2868; baseline 0.006 -25"><span class='ocrx_word' id='word_1_139' title='bbox 207 2778 296 2845; x_wconf 86' lang='lat' dir='ltr'>linea</span> <span class='ocrx_word' id='word_1_140' title='bbox 316 2780 378 2844; x_wconf 89' lang='lat' dir='ltr'>tria</span> <span class='ocrx_word' id='word_1_141' title='bbox 401 2780 551 2868; x_wconf 85' lang='lat' dir='ltr'>proxima</span> <span class='ocrx_word' id='word_1_142' title='bbox 574 2784 675 2847; x_wconf 87' lang='lat' dir='ltr'>verba</span> <span class='ocrx_word' id='word_1_143' title='bbox 696 2782 759 2846; x_wconf 91' lang='lat' dir='ltr'>hoc</span> <span class='ocrx_word' id='word_1_144' title='bbox 782 2781 898 2847; x_wconf 84' lang='lat' dir='ltr'>modo:</span> 
     </span>
    </p>
   </div>
   <div class='ocr_carea' id='block_1_10' title="bbox 605 2914 929 3089">
    <p class='ocr_par' dir='ltr' id='par_1_14' title="bbox 605 2914 929 3089">
     <span class='ocr_line' id='line_1_23' title="bbox 730 2914 787 2978; baseline 0 0"><span class='ocrx_word' id='word_1_145' title='bbox 730 2914 787 2978; x_wconf 93' lang='lat' dir='ltr'>Ius</span> 
     </span>
     <span class='ocr_line' id='line_1_24' title="bbox 605 3021 929 3089; baseline -0.003 -2"><span class='ocrx_word' id='word_1_146' title='bbox 605 3022 721 3088; x_wconf 87' lang='lat' dir='ltr'>Dicis..</span> <span class='ocrx_word' id='word_1_147' title='bbox 752 3023 806 3088; x_wconf 92' lang='lat' dir='ltr'>Me</span> <span class='ocrx_word' id='word_1_148' title='bbox 832 3021 929 3089; x_wconf 85' lang='lat' dir='ltr'>dccet</span> 
     </span>
    </p>
   </div>
   <div class='ocr_carea' id='block_1_11' title="bbox 173 3152 1312 4227">
    <p class='ocr_par' dir='ltr' id='par_1_15' title="bbox 173 3152 1311 3464">
     <span class='ocr_line' id='line_1_25' title="bbox 212 3152 1309 3243; baseline -0.005 -22"><span class='ocrx_word' id='word_1_149' title='bbox 212 3177 295 3241; x_wconf 84' lang='lat' dir='ltr'>quse</span> <span class='ocrx_word' id='word_1_150' title='bbox 308 3156 442 3242; x_wconf 91' lang='lat' dir='ltr'>quidem</span> <span class='ocrx_word' id='word_1_151' title='bbox 457 3156 558 3221; x_wconf 88' lang='lat' dir='ltr'>verba</span> <span class='ocrx_word' id='word_1_152' title='bbox 573 3178 621 3239; x_wconf 86' lang='lat' dir='ltr'>aa,</span> <span class='ocrx_word' id='word_1_153' title='bbox 645 3178 728 3241; x_wconf 89' lang='lat' dir='ltr'>quae</span> <span class='ocrx_word' id='word_1_154' title='bbox 750 3156 785 3219; x_wconf 92' lang='lat' dir='ltr'>in</span> <span class='ocrx_word' id='word_1_155' title='bbox 804 3155 926 3243; x_wconf 82' lang='lat' dir='ltr'>pagina</span> <span class='ocrx_word' id='word_1_156' title='bbox 941 3156 1071 3241; x_wconf 89' lang='lat' dir='ltr'>reliqua</span> <span class='ocrx_word' id='word_1_157' title='bbox 1082 3163 1169 3238; x_wconf 87' lang='lat' dir='ltr'>sunt,</span> <span class='ocrx_word' id='word_1_158' title='bbox 1182 3152 1309 3217; x_wconf 87' lang='lat' dir='ltr'>dnobus</span> 
     </span>
     <span class='ocr_line' id='line_1_26' title="bbox 212 3260 1311 3353; baseline -0.003 -25"><span class='ocrx_word' id='word_1_159' title='bbox 212 3266 362 3332; x_wconf 88' lang='lat' dir='ltr'>versibus</span> <span class='ocrx_word' id='word_1_160' title='bbox 393 3265 566 3331; x_wconf 85' lang='lat' dir='ltr'>distributa</span> <span class='ocrx_word' id='word_1_161' title='bbox 597 3274 790 3350; x_wconf 87' lang='lat' dir='ltr'>sequuntur,</span> <span class='ocrx_word' id='word_1_162' title='bbox 820 3264 875 3346; x_wconf 87' lang='lat' dir='ltr'>ita,</span> <span class='ocrx_word' id='word_1_163' title='bbox 902 3274 939 3329; x_wconf 92' lang='lat' dir='ltr'>ut</span> <span class='ocrx_word' id='word_1_164' title='bbox 965 3263 1086 3353; x_wconf 90' lang='lat' dir='ltr'>prioris</span> <span class='ocrx_word' id='word_1_165' title='bbox 1116 3261 1223 3328; x_wconf 86' lang='lat' dir='ltr'>exitus</span> <span class='ocrx_word' id='word_1_166' title='bbox 1253 3260 1311 3325; x_wconf 83' lang='lat' dir='ltr'>fiat</span> 
     </span>
     <span class='ocr_line' id='line_1_27' title="bbox 173 3361 914 3464; baseline -0.001 -24"><span class='ocrx_word' id='word_1_167' title='bbox 173 3424 176 3432; x_wconf 28' lang='lat' dir='ltr'>a</span> <span class='ocrx_word' id='word_1_168' title='bbox 208 3376 404 3464; x_wconf 87' lang='lat' dir='ltr'>pronomine</span> <span class='ocrx_word' id='word_1_169' title='bbox 428 3377 541 3463; x_wconf 80' lang='lat' dir='ltr'>‘quem&#39;</span> <span class='ocrx_word' id='word_1_170' title='bbox 566 3397 704 3442; x_wconf 85' lang='lat' dir='ltr'>eversu</span> <span class='ocrx_word' id='word_1_171' title='bbox 729 3375 780 3440; x_wconf 78' lang='lat'>24.</span> <span class='ocrx_word' id='word_1_172' title='bbox 911 3361 914 3367; x_wconf 31' lang='lat'>³</span> 
     </span>
    </p>

    <p class='ocr_par' dir='ltr' id='par_1_16' title="bbox 209 3475 1312 4227">
     <span class='ocr_line' id='line_1_28' title="bbox 293 3475 1310 3570; baseline -0.011 -18"><span class='ocrx_word' id='word_1_173' title='bbox 293 3482 509 3570; x_wconf 51' lang='lat' dir='ltr'>Singularcm‘</span> <span class='ocrx_word' id='word_1_174' title='bbox 531 3494 564 3550; x_wconf 92' lang='lat' dir='ltr'>et</span> <span class='ocrx_word' id='word_1_175' title='bbox 584 3484 835 3549; x_wconf 83' lang='lat' dir='ltr'>memorabilem</span> <span class='ocrx_word' id='word_1_176' title='bbox 860 3482 894 3546; x_wconf 91' lang='lat' dir='ltr'>in</span> <span class='ocrx_word' id='word_1_177' title='bbox 916 3480 1066 3547; x_wconf 88' lang='lat' dir='ltr'>versibus</span> <span class='ocrx_word' id='word_1_178' title='bbox 1083 3475 1310 3544; x_wconf 87' lang='lat' dir='ltr'>describendis</span> 
     </span>
     <span class='ocr_line' id='line_1_29' title="bbox 209 3585 1311 3676; baseline -0.009 -18"><span class='ocrx_word' id='word_1_179' title='bbox 209 3594 389 3659; x_wconf 70' lang='lat' dir='ltr'>rationem!</span> <span class='ocrx_word' id='word_1_180' title='bbox 423 3593 524 3674; x_wconf 83' lang='lat' dir='ltr'>Quasi</span> <span class='ocrx_word' id='word_1_181' title='bbox 557 3615 636 3657; x_wconf 89' lang='lat' dir='ltr'>vero</span> <span class='ocrx_word' id='word_1_182' title='bbox 670 3616 785 3658; x_wconf 89' lang='lat' dir='ltr'>versus</span> <span class='ocrx_word' id='word_1_183' title='bbox 819 3591 1005 3657; x_wconf 84' lang='lat' dir='ltr'>trochaicus</span> <span class='ocrx_word' id='word_1_184' title='bbox 1039 3587 1244 3676; x_wconf 83' lang='lat' dir='ltr'>septenarius</span> <span class='ocrx_word' id='word_1_185' title='bbox 1275 3585 1311 3649; x_wconf 90' lang='lat' dir='ltr'>in</span> 
     </span>
     <span class='ocr_line' id='line_1_30' title="bbox 210 3698 1310 3791; baseline -0.008 -23"><span class='ocrx_word' id='word_1_186' title='bbox 210 3704 290 3768; x_wconf 89' lang='lat' dir='ltr'>duas</span> <span class='ocrx_word' id='word_1_187' title='bbox 312 3714 422 3791; x_wconf 86' lang='lat' dir='ltr'>partes</span> <span class='ocrx_word' id='word_1_188' title='bbox 448 3703 622 3768; x_wconf 87' lang='lat' dir='ltr'>distractus</span> <span class='ocrx_word' id='word_1_189' title='bbox 643 3702 813 3767; x_wconf 87' lang='lat' dir='ltr'>venustior</span> <span class='ocrx_word' id='word_1_190' title='bbox 839 3703 896 3766; x_wconf 91' lang='lat' dir='ltr'>fiat</span> <span class='ocrx_word' id='word_1_191' title='bbox 917 3709 973 3764; x_wconf 87' lang='lat' dir='ltr'>aut</span> <span class='ocrx_word' id='word_1_192' title='bbox 1001 3698 1093 3785; x_wconf 90' lang='lat' dir='ltr'>quasi</span> <span class='ocrx_word' id='word_1_193' title='bbox 1117 3707 1214 3787; x_wconf 86' lang='lat' dir='ltr'>poeta</span> <span class='ocrx_word' id='word_1_194' title='bbox 1237 3718 1310 3761; x_wconf 90' lang='lat' dir='ltr'>ver·</span> 
     </span>
     <span class='ocr_line' id='line_1_31' title="bbox 210 3804 1312 3899; baseline -0.005 -24"><span class='ocrx_word' id='word_1_195' title='bbox 210 3835 264 3875; x_wconf 90' lang='lat' dir='ltr'>sus</span> <span class='ocrx_word' id='word_1_196' title='bbox 288 3812 453 3899; x_wconf 86' lang='lat' dir='ltr'>pepigerit</span> <span class='ocrx_word' id='word_1_197' title='bbox 474 3813 704 3899; x_wconf 82' lang='lat' dir='ltr'>monosyllabo</span> <span class='ocrx_word' id='word_1_198' title='bbox 719 3812 879 3876; x_wconf 86' lang='lat' dir='ltr'>vocabulo</span> <span class='ocrx_word' id='word_1_199' title='bbox 901 3809 1166 3896; x_wconf 85' lang='lat' dir='ltr'>comprehensos,</span> <span class='ocrx_word' id='word_1_200' title='bbox 1186 3813 1223 3868; x_wconf 90' lang='lat' dir='ltr'>ut</span> <span class='ocrx_word' id='word_1_201' title='bbox 1241 3804 1312 3869; x_wconf 86' lang='lat' dir='ltr'>vult</span> 
     </span>
     <span class='ocr_line' id='line_1_32' title="bbox 209 3916 1311 4008; baseline -0.005 -26"><span class='ocrx_word' id='word_1_202' title='bbox 209 3919 293 3984; x_wconf 91' lang='lat' dir='ltr'>illud</span> <span class='ocrx_word' id='word_1_203' title='bbox 317 3924 401 3987; x_wconf 78' lang='lat' dir='ltr'>‘ius&#39;.</span> <span class='ocrx_word' id='word_1_204' title='bbox 446 3920 600 4001; x_wconf 85' lang='lat' dir='ltr'>Qualium</span> <span class='ocrx_word' id='word_1_205' title='bbox 628 3921 848 4008; x_wconf 83' lang='lat' dir='ltr'>patrocinium</span> <span class='ocrx_word' id='word_1_206' title='bbox 877 3918 1046 4006; x_wconf 91' lang='lat' dir='ltr'>suscipere</span> <span class='ocrx_word' id='word_1_207' title='bbox 1069 3916 1223 4002; x_wconf 90' lang='lat' dir='ltr'>equidem</span> <span class='ocrx_word' id='word_1_208' title='bbox 1243 3936 1311 3978; x_wconf 90' lang='lat' dir='ltr'>non</span> 
     </span>
     <span class='ocr_line' id='line_1_33' title="bbox 213 4025 1307 4117; baseline -0.006 -23"><span class='ocrx_word' id='word_1_209' title='bbox 213 4052 310 4094; x_wconf 91' lang='lat' dir='ltr'>ausus</span> <span class='ocrx_word' id='word_1_210' title='bbox 334 4031 396 4094; x_wconf 88' lang='lat' dir='ltr'>hac</span> <span class='ocrx_word' id='word_1_211' title='bbox 419 4029 454 4094; x_wconf 90' lang='lat' dir='ltr'>in</span> <span class='ocrx_word' id='word_1_212' title='bbox 475 4030 696 4117; x_wconf 89' lang='lat' dir='ltr'>disputatione</span> <span class='ocrx_word' id='word_1_213' title='bbox 721 4030 761 4094; x_wconf 94' lang='lat' dir='ltr'>de</span> <span class='ocrx_word' id='word_1_214' title='bbox 784 4040 889 4094; x_wconf 89' lang='lat' dir='ltr'>metro</span> <span class='ocrx_word' id='word_1_215' title='bbox 912 4049 1031 4094; x_wconf 88' lang='lat' dir='ltr'>scenae</span> <span class='ocrx_word' id='word_1_216' title='bbox 1053 4025 1217 4092; x_wconf 86' lang='lat' dir='ltr'>nVeteris</span> <span class='ocrx_word' id='word_1_217' title='bbox 1238 4046 1307 4088; x_wconf 90' lang='lat' dir='ltr'>ver-</span> 
     </span>
     <span class='ocr_line' id='line_1_34' title="bbox 210 4138 777 4227; baseline 0.004 -26"><span class='ocrx_word' id='word_1_218' title='bbox 210 4160 307 4201; x_wconf 91' lang='lat' dir='ltr'>suum</span> <span class='ocrx_word' id='word_1_219' title='bbox 329 4138 552 4226; x_wconf 89' lang='lat' dir='ltr'>descriptione</span> <span class='ocrx_word' id='word_1_220' title='bbox 575 4139 777 4227; x_wconf 88' lang='lat' dir='ltr'>proficiscor.</span> 
     </span>
    </p>
   </div>
   <div class='ocr_carea' id='block_1_12' title="bbox 0 0 1419 4830">
    <p class='ocr_par' dir='ltr' id='par_1_17' title="bbox 0 0 1419 4830">
     <span class='ocr_line' id='line_1_35' title="bbox 0 0 1419 4830; baseline 0 0"><span class='ocrx_word' id='word_1_221' title='bbox 0 0 1419 4830; x_wconf 95' lang='lat' dir='ltr'> </span> 
     </span>
    </p>
   </div>
  </div>
 </body>
</html>
