<?xml version="1.0" encoding="UTF-8"?>
<!DOCTYPE html PUBLIC "-//W3C//DTD XHTML 1.0 Transitional//EN"
    "http://www.w3.org/TR/xhtml1/DTD/xhtml1-transitional.dtd">
<html xmlns="http://www.w3.org/1999/xhtml" xml:lang="en" lang="en">
 <head>
  <title>
</title>
<meta http-equiv="Content-Type" content="text/html;charset=utf-8" />
  <meta name='ocr-system' content='tesseract 3.04.00' />
  <meta name='ocr-capabilities' content='ocr_page ocr_carea ocr_par ocr_line ocrx_word'/>
</head>
<body>
  <div class='ocr_page' id='page_1' title='image "./deplautiepidico01muelgoog_0048.png"; bbox 0 0 2820 4830; ppageno 0'>
   <div class='ocr_carea' id='block_1_1' title="bbox 687 253 729 320">
    <p class='ocr_par' dir='ltr' id='par_1_1' title="bbox 687 253 729 320">
     <span class='ocr_line' id='line_1_1' title="bbox 687 253 729 320; baseline 0 0"><span class='ocrx_word' id='word_1_1' title='bbox 687 253 729 320; x_wconf 78' lang='grc'><strong>39</strong></span> 
     </span>
    </p>
   </div>
   <div class='ocr_carea' id='block_1_2' title="bbox 153 436 1302 3038">
    <p class='ocr_par' dir='ltr' id='par_1_2' title="bbox 153 436 1302 3038">
     <span class='ocr_line' id='line_1_2' title="bbox 158 436 1253 528; baseline -0.001 -26"><span class='ocrx_word' id='word_1_2' title='bbox 158 436 258 517; x_wconf 65' lang='lat' dir='ltr'><strong>damu,</strong></span> <span class='ocrx_word' id='word_1_3' title='bbox 282 437 371 502; x_wconf 82' lang='lat' dir='ltr'><strong>solas</strong></span> <span class='ocrx_word' id='word_1_4' title='bbox 394 439 486 524; x_wconf 81' lang='lat' dir='ltr'><strong>sam&#39;‚</strong></span> <span class='ocrx_word' id='word_1_5' title='bbox 513 438 634 528; x_wconf 91' lang='lat' dir='ltr'><strong>quippe</strong></span> <span class='ocrx_word' id='word_1_6' title='bbox 657 461 721 525; x_wconf 90' lang='lat' dir='ltr'><strong>quo</strong></span> <span class='ocrx_word' id='word_1_7' title='bbox 742 462 839 506; x_wconf 86' lang='lat' dir='ltr'><strong>versu</strong></span> <span class='ocrx_word' id='word_1_8' title='bbox 862 439 1044 527; x_wconf 86' lang='lat' dir='ltr'><strong>praedicati</strong></span> <span class='ocrx_word' id='word_1_9' title='bbox 1064 439 1176 504; x_wconf 90' lang='lat' dir='ltr'><strong>locum</strong></span> <span class='ocrx_word' id='word_1_10' title='bbox 1199 437 1253 501; x_wconf 93' lang='lat' dir='ltr'><strong>ob·</strong></span> 
     </span>
     <span class='ocr_line' id='line_1_3' title="bbox 156 551 1253 639; baseline -0.001 -23"><span class='ocrx_word' id='word_1_11' title='bbox 156 553 247 637; x_wconf 88' lang='lat' dir='ltr'><strong>tinet,</strong></span> <span class='ocrx_word' id='word_1_12' title='bbox 270 552 315 618; x_wconf 89' lang='lat' dir='ltr'><strong>sic</strong></span> <span class='ocrx_word' id='word_1_13' title='bbox 335 563 371 617; x_wconf 90' lang='lat' dir='ltr'><strong>ut</strong></span> <span class='ocrx_word' id='word_1_14' title='bbox 388 551 461 618; x_wconf 81' lang='lat' dir='ltr'><strong>Cas.</strong></span> <span class='ocrx_word' id='word_1_15' title='bbox 473 553 519 635; x_wconf 95' lang='grc' dir='ltr'>ΙΙ,</span> <span class='ocrx_word' id='word_1_16' title='bbox 530 554 561 634; x_wconf 83' lang='grc'>2,</span> <span class='ocrx_word' id='word_1_17' title='bbox 574 553 609 620; x_wconf 87' lang='lat'><strong>3:</strong></span> <span class='ocrx_word' id='word_1_18' title='bbox 631 551 727 619; x_wconf 85' lang='lat' dir='ltr'><strong>‘Nam</strong></span> <span class='ocrx_word' id='word_1_19' title='bbox 740 553 798 618; x_wconf 81' lang='lat' dir='ltr'><strong>ubi</strong></span> <span class='ocrx_word' id='word_1_20' title='bbox 810 554 900 617; x_wconf 71' lang='lat' dir='ltr'><strong>&lt;lomi</strong></span> <span class='ocrx_word' id='word_1_21' title='bbox 910 553 982 617; x_wconf 84' lang='lat' dir='ltr'><strong>oola</strong></span> <span class='ocrx_word' id='word_1_22' title='bbox 997 553 1076 616; x_wconf 76' lang='lat' dir='ltr'><strong>saam&#39;</strong></span> <span class='ocrx_word' id='word_1_23' title='bbox 1105 560 1137 616; x_wconf 88' lang='lat' dir='ltr'><strong>et</strong></span> <span class='ocrx_word' id='word_1_24' title='bbox 1161 573 1253 639; x_wconf 90' lang='lat' dir='ltr'><strong>pror-</strong></span> 
     </span>
     <span class='ocr_line' id='line_1_4' title="bbox 156 658 1254 745; baseline -0.002 -19"><span class='ocrx_word' id='word_1_25' title='bbox 156 684 208 726; x_wconf 90' lang='lat' dir='ltr'><strong>sus</strong></span> <span class='ocrx_word' id='word_1_26' title='bbox 239 661 391 726; x_wconf 90' lang='lat' dir='ltr'><strong>similiter</strong></span> <span class='ocrx_word' id='word_1_27' title='bbox 420 661 504 726; x_wconf 78' lang='lat' dir='ltr'><strong>Rue.</strong></span> <span class='ocrx_word' id='word_1_28' title='bbox 521 661 593 744; x_wconf 83' lang='lat'>201,</span> <span class='ocrx_word' id='word_1_29' title='bbox 618 661 820 745; x_wconf 86' lang='lat' dir='ltr'><strong>Truc.H,1,</strong></span> <span class='ocrx_word' id='word_1_30' title='bbox 838 662 865 725; x_wconf 92' lang='lat'><strong>1.</strong></span> <span class='ocrx_word' id='word_1_31' title='bbox 909 660 1047 726; x_wconf 90' lang='lat' dir='ltr'><strong>Prorsus</strong></span> <span class='ocrx_word' id='word_1_32' title='bbox 1078 658 1254 744; x_wconf 84' lang='lat' dir='ltr'><strong>singularis</strong></span> 
     </span>
     <span class='ocr_line' id='line_1_5' title="bbox 158 767 1253 853; baseline -0.004 -18"><span class='ocrx_word' id='word_1_33' title='bbox 158 780 205 835; x_wconf 89' lang='lat' dir='ltr'><strong>est</strong></span> <span class='ocrx_word' id='word_1_34' title='bbox 226 769 308 834; x_wconf 88' lang='lat' dir='ltr'><strong>ratio</strong></span> <span class='ocrx_word' id='word_1_35' title='bbox 330 793 360 835; x_wconf 85' lang='lat' dir='ltr'><strong>v.</strong></span> <span class='ocrx_word' id='word_1_36' title='bbox 375 770 442 836; x_wconf 89' lang='lat' dir='ltr'><strong>Mil.</strong></span> <span class='ocrx_word' id='word_1_37' title='bbox 457 770 542 853; x_wconf 81' lang='lat' dir='ltr'><strong>glor.</strong></span> <span class='ocrx_word' id='word_1_38' title='bbox 556 770 628 836; x_wconf 80' lang='lat'><strong>265.</strong></span> <span class='ocrx_word' id='word_1_39' title='bbox 660 770 735 835; x_wconf 94' lang='lat' dir='ltr'><strong>Duo</strong></span> <span class='ocrx_word' id='word_1_40' title='bbox 758 778 884 834; x_wconf 91' lang='lat' dir='ltr'><strong>tantum</strong></span> <span class='ocrx_word' id='word_1_41' title='bbox 905 769 939 834; x_wconf 92' lang='lat' dir='ltr'><strong>in</strong></span> <span class='ocrx_word' id='word_1_42' title='bbox 961 769 1022 834; x_wconf 92' lang='lat' dir='ltr'><strong>hac</strong></span> <span class='ocrx_word' id='word_1_43' title='bbox 1045 767 1253 833; x_wconf 87' lang='lat' dir='ltr'><strong>multitudine</strong></span> 
     </span>
     <span class='ocr_line' id='line_1_6' title="bbox 157 874 1255 967; baseline -0.004 -24"><span class='ocrx_word' id='word_1_44' title='bbox 157 878 309 967; x_wconf 84' lang='lat' dir='ltr'><strong>exempla</strong></span> <span class='ocrx_word' id='word_1_45' title='bbox 331 887 536 943; x_wconf 81' lang='lat' dir='ltr'>constantem</span> <span class='ocrx_word' id='word_1_46' title='bbox 558 900 651 942; x_wconf 91' lang='lat' dir='ltr'><strong>usum</strong></span> <span class='ocrx_word' id='word_1_47' title='bbox 673 878 880 965; x_wconf 89' lang='lat' dir='ltr'><strong>relinquunt:</strong></span> <span class='ocrx_word' id='word_1_48' title='bbox 906 875 1070 962; x_wconf 72' lang='lat' dir='ltr'><strong>Opaeon:</strong></span> <span class='ocrx_word' id='word_1_49' title='bbox 1093 874 1203 939; x_wconf 74' lang='lat' dir='ltr'><strong>‘Solam</strong></span> <span class='ocrx_word' id='word_1_50' title='bbox 1224 889 1255 940; x_wconf 84' lang='lat' dir='ltr'><strong>te</strong></span> 
     </span>
     <span class='ocr_line' id='line_1_7' title="bbox 156 985 1262 1070; baseline -0.003 -18"><span class='ocrx_word' id='word_1_51' title='bbox 156 989 257 1052; x_wconf 82' lang='lat' dir='ltr'><strong>sola-m</strong></span> <span class='ocrx_word' id='word_1_52' title='bbox 271 988 366 1068; x_wconf 87' lang='lat' dir='ltr'><strong>oolo’,</strong></span> <span class='ocrx_word' id='word_1_53' title='bbox 391 987 492 1054; x_wconf 83' lang='lat' dir='ltr'><strong>Stich.</strong></span> <span class='ocrx_word' id='word_1_54' title='bbox 505 989 582 1053; x_wconf 69' lang='lat'>599:</span> <span class='ocrx_word' id='word_1_55' title='bbox 604 986 714 1052; x_wconf 78' lang='lat' dir='ltr'><strong>‘Solus</strong></span> <span class='ocrx_word' id='word_1_56' title='bbox 727 986 847 1051; x_wconf 81' lang='lat' dir='ltr'><strong>ceaabo</strong></span> <span class='ocrx_word' id='word_1_57' title='bbox 861 985 970 1066; x_wconf 63' lang='lat' dir='ltr'><strong>domi,</strong></span> <span class='ocrx_word' id='word_1_58' title='bbox 993 995 1030 1050; x_wconf 93' lang='lat' dir='ltr'><strong>ut</strong></span> <span class='ocrx_word' id='word_1_59' title='bbox 1049 985 1191 1050; x_wconf 84' lang='lat' dir='ltr'><strong>nesciam</strong></span> <span class='ocrx_word' id='word_1_60' title='bbox 1213 1009 1262 1070; x_wconf 9' lang='lat' dir='ltr'><strong>an*</strong></span> 
     </span>
     <span class='ocr_line' id='line_1_8' title="bbox 157 1094 1254 1182; baseline -0.003 -21"><span class='ocrx_word' id='word_1_61' title='bbox 157 1095 190 1161; x_wconf 94' lang='lat' dir='ltr'><strong>in</strong></span> <span class='ocrx_word' id='word_1_62' title='bbox 211 1097 262 1161; x_wconf 93' lang='lat' dir='ltr'><strong>his</strong></span> <span class='ocrx_word' id='word_1_63' title='bbox 287 1105 400 1161; x_wconf 82' lang='lat' dir='ltr'><strong>contra</strong></span> <span class='ocrx_word' id='word_1_64' title='bbox 428 1096 530 1162; x_wconf 91' lang='lat' dir='ltr'><strong>libros</strong></span> <span class='ocrx_word' id='word_1_65' title='bbox 554 1118 597 1161; x_wconf 85' lang='lat' dir='ltr'><strong>ex</strong></span> <span class='ocrx_word' id='word_1_66' title='bbox 625 1107 810 1163; x_wconf 90' lang='lat' dir='ltr'><strong>ceterorum</strong></span> <span class='ocrx_word' id='word_1_67' title='bbox 839 1095 1049 1161; x_wconf 88' lang='lat' dir='ltr'><strong>similitudine</strong></span> <span class='ocrx_word' id='word_1_68' title='bbox 1073 1094 1157 1181; x_wconf 79' lang='lat' dir='ltr'><strong>‘epo’</strong></span> <span class='ocrx_word' id='word_1_69' title='bbox 1178 1116 1254 1182; x_wconf 89' lang='lat' dir='ltr'><strong>pro-</strong></span> 
     </span>
     <span class='ocr_line' id='line_1_9' title="bbox 156 1203 1253 1295; baseline -0.005 -23"><span class='ocrx_word' id='word_1_70' title='bbox 156 1228 275 1273; x_wconf 87' lang='lat' dir='ltr'><strong>nomen</strong></span> <span class='ocrx_word' id='word_1_71' title='bbox 307 1206 512 1272; x_wconf 87' lang='lat' dir='ltr'><strong>iuferendum</strong></span> <span class='ocrx_word' id='word_1_72' title='bbox 537 1207 587 1271; x_wconf 92' lang='lat' dir='ltr'><strong>sit.</strong></span> <span class='ocrx_word' id='word_1_73' title='bbox 632 1207 684 1271; x_wconf 93' lang='lat' dir='ltr'><strong>De</strong></span> <span class='ocrx_word' id='word_1_74' title='bbox 715 1229 778 1295; x_wconf 94' lang='lat' dir='ltr'><strong>quo</strong></span> <span class='ocrx_word' id='word_1_75' title='bbox 809 1216 881 1270; x_wconf 93' lang='lat' dir='ltr'><strong>utut</strong></span> <span class='ocrx_word' id='word_1_76' title='bbox 905 1205 1072 1286; x_wconf 88' lang='lat' dir='ltr'><strong>iudicabis,</strong></span> <span class='ocrx_word' id='word_1_77' title='bbox 1099 1205 1162 1268; x_wconf 92' lang='lat' dir='ltr'><strong>hoc</strong></span> <span class='ocrx_word' id='word_1_78' title='bbox 1184 1203 1253 1288; x_wconf 90' lang='lat' dir='ltr'><strong>qui-</strong></span> 
     </span>
     <span class='ocr_line' id='line_1_10' title="bbox 155 1314 1254 1402; baseline -0.001 -23"><span class='ocrx_word' id='word_1_79' title='bbox 155 1315 230 1380; x_wconf 87' lang='lat' dir='ltr'><strong>dem</strong></span> <span class='ocrx_word' id='word_1_80' title='bbox 252 1315 499 1381; x_wconf 86' lang='lat' dir='ltr'><strong>concedendum</strong></span> <span class='ocrx_word' id='word_1_81' title='bbox 518 1314 589 1399; x_wconf 87' lang='lat' dir='ltr'><strong>erit,</strong></span> <span class='ocrx_word' id='word_1_82' title='bbox 614 1337 663 1397; x_wconf 89' lang='lat' dir='ltr'><strong>eo,</strong></span> <span class='ocrx_word' id='word_1_83' title='bbox 688 1315 729 1379; x_wconf 92' lang='lat' dir='ltr'><strong>de</strong></span> <span class='ocrx_word' id='word_1_84' title='bbox 745 1338 808 1402; x_wconf 91' lang='lat' dir='ltr'><strong>quo</strong></span> <span class='ocrx_word' id='word_1_85' title='bbox 826 1315 952 1400; x_wconf 82' lang='lat' dir='ltr'>agimus</span> <span class='ocrx_word' id='word_1_86' title='bbox 967 1315 1051 1397; x_wconf 91' lang='lat' dir='ltr'><strong>loco,</strong></span> <span class='ocrx_word' id='word_1_87' title='bbox 1072 1333 1254 1401; x_wconf 84' lang='lat' dir='ltr'><strong>pronomen</strong></span> 
     </span>
     <span class='ocr_line' id='line_1_11' title="bbox 154 1419 1252 1511; baseline -0.004 -23"><span class='ocrx_word' id='word_1_88' title='bbox 154 1424 192 1488; x_wconf 84' lang='lat' dir='ltr'><strong>ab</strong></span> <span class='ocrx_word' id='word_1_89' title='bbox 210 1421 282 1511; x_wconf 89' lang='lat' dir='ltr'><strong>ipso</strong></span> <span class='ocrx_word' id='word_1_90' title='bbox 295 1431 402 1509; x_wconf 88' lang='lat' dir='ltr'><strong>poeta</strong></span> <span class='ocrx_word' id='word_1_91' title='bbox 423 1445 490 1488; x_wconf 87' lang='lat' dir='ltr'><strong>uon</strong></span> <span class='ocrx_word' id='word_1_92' title='bbox 511 1422 666 1487; x_wconf 88' lang='lat' dir='ltr'><strong>omissum</strong></span> <span class='ocrx_word' id='word_1_93' title='bbox 694 1421 796 1488; x_wconf 88' lang='lat' dir='ltr'><strong>fuisse</strong></span> <span class='ocrx_word' id='word_1_94' title='bbox 819 1420 890 1486; x_wconf 87' lang='lat' dir='ltr'><strong>veri</strong></span> <span class='ocrx_word' id='word_1_95' title='bbox 914 1443 979 1485; x_wconf 91' lang='lat' dir='ltr'><strong>non</strong></span> <span class='ocrx_word' id='word_1_96' title='bbox 991 1419 1168 1484; x_wconf 87' lang='lat' dir='ltr'><strong>admodum</strong></span> <span class='ocrx_word' id='word_1_97' title='bbox 1180 1441 1252 1484; x_wconf 84' lang='lat' dir='ltr'><strong>esse</strong></span> 
     </span>
     <span class='ocr_line' id='line_1_12' title="bbox 155 1529 1254 1618; baseline -0.003 -21"><span class='ocrx_word' id='word_1_98' title='bbox 155 1531 320 1599; x_wconf 83' lang='lat' dir='ltr'><strong>dissimile.</strong></span> <span class='ocrx_word' id='word_1_99' title='bbox 372 1533 482 1615; x_wconf 80' lang='lat' dir='ltr'>Quare</span> <span class='ocrx_word' id='word_1_100' title='bbox 513 1531 540 1596; x_wconf 90' lang='lat' dir='ltr'><strong>si</strong></span> <span class='ocrx_word' id='word_1_101' title='bbox 571 1532 674 1596; x_wconf 89' lang='lat' dir='ltr'><strong>altero</strong></span> <span class='ocrx_word' id='word_1_102' title='bbox 708 1532 841 1618; x_wconf 78' lang='lat' dir='ltr'><strong>‘perire&#39;</strong></span> <span class='ocrx_word' id='word_1_103' title='bbox 874 1530 1032 1595; x_wconf 82' lang='lat' dir='ltr'><strong>infinitivo</strong></span> <span class='ocrx_word' id='word_1_104' title='bbox 1066 1529 1254 1616; x_wconf 81' lang='lat' dir='ltr'><strong>explicandi</strong></span> 
     </span>
     <span class='ocr_line' id='line_1_13' title="bbox 154 1639 1252 1728; baseline -0.004 -20"><span class='ocrx_word' id='word_1_105' title='bbox 154 1640 260 1727; x_wconf 82' lang='lat' dir='ltr'><strong>gratia</strong></span> <span class='ocrx_word' id='word_1_106' title='bbox 279 1650 334 1705; x_wconf 89' lang='lat' dir='ltr'><strong>aut</strong></span> <span class='ocrx_word' id='word_1_107' title='bbox 358 1642 472 1707; x_wconf 84' lang='lat' dir='ltr'><strong>calami</strong></span> <span class='ocrx_word' id='word_1_108' title='bbox 495 1663 605 1706; x_wconf 83' lang='lat' dir='ltr'><strong>errore</strong></span> <span class='ocrx_word' id='word_1_109' title='bbox 625 1641 791 1728; x_wconf 82' lang='lat' dir='ltr'><strong>adscripto</strong></span> <span class='ocrx_word' id='word_1_110' title='bbox 806 1661 986 1728; x_wconf 85' lang='lat' dir='ltr'><strong>pronomen</strong></span> <span class='ocrx_word' id='word_1_111' title='bbox 1004 1639 1085 1704; x_wconf 91' lang='lat' dir='ltr'><strong>illud</strong></span> <span class='ocrx_word' id='word_1_112' title='bbox 1101 1639 1252 1704; x_wconf 91' lang='lat' dir='ltr'><strong>haustum</strong></span> 
     </span>
     <span class='ocr_line' id='line_1_14' title="bbox 157 1748 1254 1838; baseline -0.004 -21"><span class='ocrx_word' id='word_1_113' title='bbox 157 1771 229 1817; x_wconf 89' lang='lat' dir='ltr'><strong>esse</strong></span> <span class='ocrx_word' id='word_1_114' title='bbox 253 1751 466 1837; x_wconf 86' lang='lat' dir='ltr'><strong>suspicamur,</strong></span> <span class='ocrx_word' id='word_1_115' title='bbox 498 1749 574 1838; x_wconf 86' lang='lat' dir='ltr'><strong>quid</strong></span> <span class='ocrx_word' id='word_1_116' title='bbox 597 1749 809 1836; x_wconf 85' lang='lat' dir='ltr'><strong>probabilius,</strong></span> <span class='ocrx_word' id='word_1_117' title='bbox 839 1748 1032 1834; x_wconf 89' lang='lat' dir='ltr'><strong>praesertim</strong></span> <span class='ocrx_word' id='word_1_118' title='bbox 1062 1771 1136 1813; x_wconf 91' lang='lat' dir='ltr'><strong>cum</strong></span> <span class='ocrx_word' id='word_1_119' title='bbox 1156 1770 1254 1833; x_wconf 88' lang='lat' dir='ltr'><strong>nuno,</strong></span> 
     </span>
     <span class='ocr_line' id='line_1_15' title="bbox 154 1857 1253 1946; baseline -0.004 -22"><span class='ocrx_word' id='word_1_120' title='bbox 154 1859 251 1924; x_wconf 93' lang='lat' dir='ltr'><strong>modo</strong></span> <span class='ocrx_word' id='word_1_121' title='bbox 272 1858 377 1923; x_wconf 88' lang='lat' dir='ltr'><strong>rarius</strong></span> <span class='ocrx_word' id='word_1_122' title='bbox 399 1859 478 1923; x_wconf 86' lang='lat' dir='ltr'><strong>illuc</strong></span> <span class='ocrx_word' id='word_1_123' title='bbox 501 1859 648 1940; x_wconf 82' lang='lat' dir='ltr'><strong>verbum,</strong></span> <span class='ocrx_word' id='word_1_124' title='bbox 674 1881 737 1943; x_wconf 91' lang='lat' dir='ltr'><strong>quo</strong></span> <span class='ocrx_word' id='word_1_125' title='bbox 761 1857 964 1946; x_wconf 87' lang='lat' dir='ltr'><strong>superiorem</strong></span> <span class='ocrx_word' id='word_1_126' title='bbox 990 1878 1122 1922; x_wconf 83' lang='lat' dir='ltr'><strong>versum</strong></span> <span class='ocrx_word' id='word_1_127' title='bbox 1145 1878 1253 1921; x_wconf 90' lang='lat' dir='ltr'><strong>emen-</strong></span> 
     </span>
     <span class='ocr_line' id='line_1_16' title="bbox 158 1964 1254 2055; baseline -0.004 -22"><span class='ocrx_word' id='word_1_128' title='bbox 158 1967 234 2033; x_wconf 88' lang='lat' dir='ltr'><strong>dare</strong></span> <span class='ocrx_word' id='word_1_129' title='bbox 259 1967 388 2050; x_wconf 86' lang='lat' dir='ltr'><strong>licebat,</strong></span> <span class='ocrx_word' id='word_1_130' title='bbox 419 1978 455 2033; x_wconf 94' lang='lat' dir='ltr'><strong>ut</strong></span> <span class='ocrx_word' id='word_1_131' title='bbox 479 1990 538 2053; x_wconf 83' lang='lat' dir='ltr'><strong>par</strong></span> <span class='ocrx_word' id='word_1_132' title='bbox 560 1978 621 2049; x_wconf 87' lang='lat' dir='ltr'><strong>est,</strong></span> <span class='ocrx_word' id='word_1_133' title='bbox 650 1969 715 2032; x_wconf 93' lang='lat' dir='ltr'><strong>huo</strong></span> <span class='ocrx_word' id='word_1_134' title='bbox 746 1989 877 2055; x_wconf 90' lang='lat' dir='ltr'><strong>quoque</strong></span> <span class='ocrx_word' id='word_1_135' title='bbox 906 1965 1123 2047; x_wconf 88' lang='lat' dir='ltr'><strong>adsumamus,</strong></span> <span class='ocrx_word' id='word_1_136' title='bbox 1155 1964 1254 2030; x_wconf 87' lang='lat' dir='ltr'><strong>facile</strong></span> 
     </span>
     <span class='ocr_line' id='line_1_17' title="bbox 156 2073 1253 2166; baseline -0.004 -25"><span class='ocrx_word' id='word_1_137' title='bbox 156 2076 314 2166; x_wconf 90' lang='lat' dir='ltr'><strong>optimum</strong></span> <span class='ocrx_word' id='word_1_138' title='bbox 349 2098 580 2162; x_wconf 88' lang='lat' dir='ltr'><strong>recuperemus</strong></span> <span class='ocrx_word' id='word_1_139' title='bbox 615 2097 745 2140; x_wconf 91' lang='lat' dir='ltr'><strong>versum</strong></span> <span class='ocrx_word' id='word_1_140' title='bbox 783 2075 983 2140; x_wconf 87' lang='lat' dir='ltr'><strong>trochaicum</strong></span> <span class='ocrx_word' id='word_1_141' title='bbox 1020 2073 1253 2161; x_wconf 85' lang='lat' dir='ltr'><strong>septenarium,</strong></span> 
     </span>
     <span class='ocr_line' id='line_1_18' title="bbox 156 2181 1254 2272; baseline -0.002 -22"><span class='ocrx_word' id='word_1_142' title='bbox 156 2207 253 2271; x_wconf 92' lang='lat' dir='ltr'><strong>quem</strong></span> <span class='ocrx_word' id='word_1_143' title='bbox 278 2183 500 2272; x_wconf 90' lang='lat' dir='ltr'><strong>supraposui.</strong></span> <span class='ocrx_word' id='word_1_144' title='bbox 543 2183 699 2249; x_wconf 85' lang='lat' dir='ltr'><strong>Eiusdem</strong></span> <span class='ocrx_word' id='word_1_145' title='bbox 726 2182 819 2248; x_wconf 84' lang='lat' dir='ltr'><strong>verbi</strong></span> <span class='ocrx_word' id='word_1_146' title='bbox 849 2182 981 2248; x_wconf 90' lang='lat' dir='ltr'><strong>rarioris</strong></span> <span class='ocrx_word' id='word_1_147' title='bbox 1012 2205 1090 2247; x_wconf 91' lang='lat' dir='ltr'><strong>sane</strong></span> <span class='ocrx_word' id='word_1_148' title='bbox 1113 2181 1254 2267; x_wconf 92' lang='lat' dir='ltr'><strong>ideoque</strong></span> 
     </span>
     <span class='ocr_line' id='line_1_19' title="bbox 155 2289 1302 2382; baseline -0.003 -23"><span class='ocrx_word' id='word_1_149' title='bbox 155 2318 222 2361; x_wconf 91' lang='lat' dir='ltr'><strong>non</strong></span> <span class='ocrx_word' id='word_1_150' title='bbox 243 2319 309 2361; x_wconf 92' lang='lat' dir='ltr'><strong>uno</strong></span> <span class='ocrx_word' id='word_1_151' title='bbox 333 2295 405 2360; x_wconf 95' lang='lat' dir='ltr'><strong>loco</strong></span> <span class='ocrx_word' id='word_1_152' title='bbox 426 2293 594 2382; x_wconf 80' lang='lat' dir='ltr'><strong>depravati</strong></span> <span class='ocrx_word' id='word_1_153' title='bbox 620 2293 770 2381; x_wconf 87' lang='lat' dir='ltr'><strong>exempla</strong></span> <span class='ocrx_word' id='word_1_154' title='bbox 800 2293 859 2357; x_wconf 91' lang='lat' dir='ltr'><strong>hac</strong></span> <span class='ocrx_word' id='word_1_155' title='bbox 889 2292 960 2381; x_wconf 89' lang='lat' dir='ltr'><strong>ipsa</strong></span> <span class='ocrx_word' id='word_1_156' title='bbox 991 2291 1025 2355; x_wconf 89' lang='lat' dir='ltr'><strong>in</strong></span> <span class='ocrx_word' id='word_1_157' title='bbox 1051 2292 1162 2358; x_wconf 88' lang='lat' dir='ltr'><strong>fabula</strong></span> <span class='ocrx_word' id='word_1_158' title='bbox 1192 2289 1255 2356; x_wconf 90' lang='lat' dir='ltr'><strong>tria</strong></span> <span class='ocrx_word' id='word_1_159' title='bbox 1299 2360 1302 2365; x_wconf 56' lang='grc'>,</span> 
     </span>
     <span class='ocr_line' id='line_1_20' title="bbox 154 2396 1253 2492; baseline -0.005 -24"><span class='ocrx_word' id='word_1_160' title='bbox 154 2412 325 2492; x_wconf 88' lang='lat' dir='ltr'><strong>praeterea</strong></span> <span class='ocrx_word' id='word_1_161' title='bbox 346 2404 521 2468; x_wconf 87' lang='lat' dir='ltr'><strong>habemus:</strong></span> <span class='ocrx_word' id='word_1_162' title='bbox 544 2400 612 2486; x_wconf 80' lang='lat'><strong>1,2,</strong></span> <span class='ocrx_word' id='word_1_163' title='bbox 626 2401 667 2463; x_wconf 81' lang='lat'><strong>42</strong></span> <span class='ocrx_word' id='word_1_164' title='bbox 690 2401 830 2485; x_wconf 81' lang='lat' dir='ltr'><strong>imbitas,</strong></span> <span class='ocrx_word' id='word_1_165' title='bbox 852 2399 896 2480; x_wconf 89' lang='lat' dir='ltr'><strong>H,</strong></span> <span class='ocrx_word' id='word_1_166' title='bbox 917 2399 947 2485; x_wconf 77' lang='lat'><strong>2,</strong></span> <span class='ocrx_word' id='word_1_167' title='bbox 970 2399 1029 2465; x_wconf 87' lang='grc'><strong>119</strong></span> <span class='ocrx_word' id='word_1_168' title='bbox 1052 2398 1168 2484; x_wconf 78' lang='lat' dir='ltr'><strong>abitas,</strong></span> <span class='ocrx_word' id='word_1_169' title='bbox 1192 2396 1253 2483; x_wconf 87' lang='lat'>111,</span> 
     </span>
     <span class='ocr_line' id='line_1_21' title="bbox 154 2510 1253 2599; baseline -0.004 -23"><span class='ocrx_word' id='word_1_170' title='bbox 154 2513 221 2597; x_wconf 83' lang='lat'><strong>4,1</strong></span> <span class='ocrx_word' id='word_1_171' title='bbox 240 2513 473 2598; x_wconf 80' lang='lat' dir='ltr'><strong>praeterbitoa.</strong></span> <span class='ocrx_word' id='word_1_172' title='bbox 517 2512 593 2599; x_wconf 91' lang='lat' dir='ltr'><strong>Ipse</strong></span> <span class='ocrx_word' id='word_1_173' title='bbox 616 2510 801 2598; x_wconf 80' lang='lat' dir='ltr'><strong>‘perbitere’</strong></span> <span class='ocrx_word' id='word_1_174' title='bbox 824 2510 1006 2576; x_wconf 82' lang='lat' dir='ltr'><strong>infinitivus</strong></span> <span class='ocrx_word' id='word_1_175' title='bbox 1031 2518 1178 2576; x_wconf 82' lang='lat' dir='ltr'><strong>servatus</strong></span> <span class='ocrx_word' id='word_1_176' title='bbox 1203 2519 1253 2574; x_wconf 90' lang='lat' dir='ltr'><strong>est</strong></span> 
     </span>
     <span class='ocr_line' id='line_1_22' title="bbox 155 2618 1250 2708; baseline -0.005 -21"><span class='ocrx_word' id='word_1_177' title='bbox 155 2620 275 2687; x_wconf 86' lang='lat' dir='ltr'><strong>Pseud.</strong></span> <span class='ocrx_word' id='word_1_178' title='bbox 297 2643 328 2687; x_wconf 90' lang='lat' dir='ltr'><strong>v.</strong></span> <span class='ocrx_word' id='word_1_179' title='bbox 348 2621 420 2705; x_wconf 91' lang='grc'>778,</span> <span class='ocrx_word' id='word_1_180' title='bbox 449 2643 511 2708; x_wconf 91' lang='lat' dir='ltr'><strong>quo</strong></span> <span class='ocrx_word' id='word_1_181' title='bbox 542 2619 708 2686; x_wconf 84' lang='lat' dir='ltr'><strong>revocavit</strong></span> <span class='ocrx_word' id='word_1_182' title='bbox 731 2618 930 2686; x_wconf 90' lang='lat' dir='ltr'><strong>Ritschclius</strong></span> <span class='ocrx_word' id='word_1_183' title='bbox 952 2618 1059 2684; x_wconf 85' lang='lat' dir='ltr'><strong>Paulli</strong></span> <span class='ocrx_word' id='word_1_184' title='bbox 1089 2618 1250 2702; x_wconf 84' lang='lat' dir='ltr'><strong>glossam:</strong></span> 
     </span>
     <span class='ocr_line' id='line_1_23' title="bbox 153 2727 1254 2818; baseline -0.004 -22"><span class='ocrx_word' id='word_1_185' title='bbox 153 2731 327 2818; x_wconf 73' lang='lat' dir='ltr'><strong>‘perlitare</strong></span> <span class='ocrx_word' id='word_1_186' title='bbox 359 2731 501 2796; x_wconf 82' lang='lat' dir='ltr'><strong>Plautus</strong></span> <span class='ocrx_word' id='word_1_187' title='bbox 530 2754 595 2816; x_wconf 83' lang='lat' dir='ltr'><strong>pro</strong></span> <span class='ocrx_word' id='word_1_188' title='bbox 627 2733 739 2816; x_wconf 80' lang='lat' dir='ltr'><strong>perire</strong></span> <span class='ocrx_word' id='word_1_189' title='bbox 766 2730 897 2815; x_wconf 80' lang='lat' dir='ltr'><strong>poeuit’.</strong></span> <span class='ocrx_word' id='word_1_190' title='bbox 951 2727 1254 2813; x_wconf 82' lang='lat' dir='ltr'><strong>Breviloqueutiam</strong></span> 
     </span>
     <span class='ocr_line' id='line_1_24' title="bbox 155 2836 1251 2906; baseline -0.005 0"><span class='ocrx_word' id='word_1_191' title='bbox 155 2851 264 2906; x_wconf 88' lang='lat' dir='ltr'><strong>autem</strong></span> <span class='ocrx_word' id='word_1_192' title='bbox 283 2864 302 2906; x_wconf 85' lang='lat' dir='ltr'><strong>a</strong></span> <span class='ocrx_word' id='word_1_193' title='bbox 322 2863 374 2905; x_wconf 91' lang='lat' dir='ltr'><strong>me</strong></span> <span class='ocrx_word' id='word_1_194' title='bbox 396 2841 557 2905; x_wconf 83' lang='lat' dir='ltr'><strong>invectam</strong></span> <span class='ocrx_word' id='word_1_195' title='bbox 579 2861 620 2904; x_wconf 92' lang='lat' dir='ltr'><strong>ne</strong></span> <span class='ocrx_word' id='word_1_196' title='bbox 642 2864 660 2904; x_wconf 84' lang='lat' dir='ltr'><strong>a</strong></span> <span class='ocrx_word' id='word_1_197' title='bbox 682 2860 831 2903; x_wconf 88' lang='lat' dir='ltr'><strong>sermone</strong></span> <span class='ocrx_word' id='word_1_198' title='bbox 852 2863 930 2905; x_wconf 92' lang='lat' dir='ltr'><strong>usus</strong></span> <span class='ocrx_word' id='word_1_199' title='bbox 946 2836 1098 2904; x_wconf 84' lang='lat' dir='ltr'><strong>cotidiani</strong></span> <span class='ocrx_word' id='word_1_200' title='bbox 1111 2838 1251 2902; x_wconf 86' lang='lat' dir='ltr'><strong>alienam</strong></span> 
     </span>
     <span class='ocr_line' id='line_1_25' title="bbox 155 2944 1252 3038; baseline -0.004 -24"><span class='ocrx_word' id='word_1_201' title='bbox 155 2960 259 3038; x_wconf 89' lang='lat' dir='ltr'><strong>putes,</strong></span> <span class='ocrx_word' id='word_1_202' title='bbox 281 2950 358 3014; x_wconf 88' lang='lat' dir='ltr'><strong>talia</strong></span> <span class='ocrx_word' id='word_1_203' title='bbox 380 2950 540 3014; x_wconf 90' lang='lat' dir='ltr'><strong>cavebunt</strong></span> <span class='ocrx_word' id='word_1_204' title='bbox 563 2947 724 3035; x_wconf 87' lang='lat' dir='ltr'><strong>exempla,</strong></span> <span class='ocrx_word' id='word_1_205' title='bbox 748 2946 856 3033; x_wconf 87' lang='lat' dir='ltr'><strong>qualia</strong></span> <span class='ocrx_word' id='word_1_206' title='bbox 867 2947 983 3011; x_wconf 89' lang='lat' dir='ltr'><strong>habes:</strong></span> <span class='ocrx_word' id='word_1_207' title='bbox 1006 2946 1086 3013; x_wconf 89' lang='lat' dir='ltr'><strong>Aul.</strong></span> <span class='ocrx_word' id='word_1_208' title='bbox 1098 2945 1143 3031; x_wconf 87' lang='lat' dir='ltr'><strong>H,</strong></span> <span class='ocrx_word' id='word_1_209' title='bbox 1157 2946 1188 3025; x_wconf 83' lang='lat'><strong>8,</strong></span> <span class='ocrx_word' id='word_1_210' title='bbox 1201 2944 1252 3029; x_wconf 82' lang='lat'><strong>20,</strong></span> 
     </span>
    </p>
   </div>
   <div class='ocr_carea' id='block_1_3' title="bbox 155 3055 1253 3251">
    <p class='ocr_par' dir='ltr' id='par_1_3' title="bbox 155 3055 1253 3251">
     <span class='ocr_line' id='line_1_26' title="bbox 155 3055 950 3146; baseline -0.005 -22"><span class='ocrx_word' id='word_1_211' title='bbox 155 3056 238 3124; x_wconf 88' lang='lat' dir='ltr'><strong>Rud.</strong></span> <span class='ocrx_word' id='word_1_212' title='bbox 253 3058 346 3144; x_wconf 81' lang='grc'>1075,</span> <span class='ocrx_word' id='word_1_213' title='bbox 371 3056 631 3146; x_wconf 79' lang='lat' dir='ltr'><strong>Oap.111‚2,18,</strong></span> <span class='ocrx_word' id='word_1_214' title='bbox 653 3055 728 3122; x_wconf 86' lang='lat' dir='ltr'><strong>Ter.</strong></span> <span class='ocrx_word' id='word_1_215' title='bbox 743 3055 862 3120; x_wconf 89' lang='lat' dir='ltr'><strong>Heaut.</strong></span> <span class='ocrx_word' id='word_1_216' title='bbox 878 3055 950 3120; x_wconf 78' lang='lat'><strong>949.</strong></span> 
     </span>
     <span class='ocr_line' id='line_1_27' title="bbox 239 3161 1253 3251; baseline -0.008 -19"><span class='ocrx_word' id='word_1_217' title='bbox 239 3166 331 3248; x_wconf 83' lang='lat' dir='ltr'><strong>Quae</strong></span> <span class='ocrx_word' id='word_1_218' title='bbox 355 3166 432 3231; x_wconf 90' lang='lat' dir='ltr'><strong>inde</strong></span> <span class='ocrx_word' id='word_1_219' title='bbox 456 3190 475 3230; x_wconf 90' lang='lat' dir='ltr'><strong>a</strong></span> <span class='ocrx_word' id='word_1_220' title='bbox 496 3189 526 3230; x_wconf 83' lang='lat' dir='ltr'><strong>v.</strong></span> <span class='ocrx_word' id='word_1_221' title='bbox 538 3165 579 3230; x_wconf 84' lang='grc'><strong>75</strong></span> <span class='ocrx_word' id='word_1_222' title='bbox 602 3164 748 3250; x_wconf 90' lang='lat' dir='ltr'><strong>sequitur</strong></span> <span class='ocrx_word' id='word_1_223' title='bbox 772 3162 901 3251; x_wconf 84' lang='lat' dir='ltr'><strong>Epidici</strong></span> <span class='ocrx_word' id='word_1_224' title='bbox 924 3163 1038 3246; x_wconf 89' lang='lat' dir='ltr'><strong>oratio,</strong></span> <span class='ocrx_word' id='word_1_225' title='bbox 1073 3183 1144 3226; x_wconf 89' lang='lat' dir='ltr'><strong>eam</strong></span> <span class='ocrx_word' id='word_1_226' title='bbox 1173 3161 1253 3226; x_wconf 92' lang='lat' dir='ltr'><strong>inte-</strong></span> 
     </span>
    </p>
   </div>
   <div class='ocr_carea' id='block_1_4' title="bbox 155 3270 1253 3687">
    <p class='ocr_par' dir='ltr' id='par_1_4' title="bbox 155 3270 1253 3687">
     <span class='ocr_line' id='line_1_28' title="bbox 155 3270 1253 3363; baseline -0.007 -22"><span class='ocrx_word' id='word_1_227' title='bbox 155 3276 291 3363; x_wconf 83' lang='lat' dir='ltr'><strong>gerrimi</strong></span> <span class='ocrx_word' id='word_1_228' title='bbox 313 3275 528 3341; x_wconf 86' lang='lat' dir='ltr'><strong>exordiuntur</strong></span> <span class='ocrx_word' id='word_1_229' title='bbox 557 3285 709 3362; x_wconf 90' lang='lat' dir='ltr'><strong>quattuor</strong></span> <span class='ocrx_word' id='word_1_230' title='bbox 737 3296 852 3340; x_wconf 84' lang='lat' dir='ltr'><strong>versus</strong></span> <span class='ocrx_word' id='word_1_231' title='bbox 883 3272 1037 3337; x_wconf 79' lang='lat' dir='ltr'><strong>trochaici</strong></span> <span class='ocrx_word' id='word_1_232' title='bbox 1065 3270 1253 3358; x_wconf 87' lang='lat' dir='ltr'><strong>septenarii,</strong></span> 
     </span>
     <span class='ocr_line' id='line_1_29' title="bbox 157 3380 1252 3472; baseline -0.005 -22"><span class='ocrx_word' id='word_1_233' title='bbox 157 3407 247 3472; x_wconf 87' lang='lat' dir='ltr'><strong>quos,</strong></span> <span class='ocrx_word' id='word_1_234' title='bbox 277 3394 313 3450; x_wconf 88' lang='lat' dir='ltr'><strong>ut</strong></span> <span class='ocrx_word' id='word_1_235' title='bbox 345 3385 467 3472; x_wconf 92' lang='lat' dir='ltr'><strong>optime</strong></span> <span class='ocrx_word' id='word_1_236' title='bbox 488 3385 657 3471; x_wconf 86' lang='lat' dir='ltr'><strong>perspexit</strong></span> <span class='ocrx_word' id='word_1_237' title='bbox 680 3383 723 3449; x_wconf 83' lang='lat' dir='ltr'><strong>A.</strong></span> <span class='ocrx_word' id='word_1_238' title='bbox 746 3381 997 3470; x_wconf 75' lang='lat' dir='ltr'><strong>Spengelius⁶),</strong></span> <span class='ocrx_word' id='word_1_239' title='bbox 1030 3380 1142 3446; x_wconf 84' lang='lat' dir='ltr'><strong>cretici</strong></span> <span class='ocrx_word' id='word_1_240' title='bbox 1166 3380 1252 3445; x_wconf 85' lang='lat' dir='ltr'><strong>exci-</strong></span> 
     </span>
     <span class='ocr_line' id='line_1_30' title="bbox 156 3491 1250 3581; baseline -0.005 -24"><span class='ocrx_word' id='word_1_241' title='bbox 156 3495 249 3581; x_wconf 89' lang='lat' dir='ltr'><strong>piunt</strong></span> <span class='ocrx_word' id='word_1_242' title='bbox 272 3493 401 3558; x_wconf 87' lang='lat' dir='ltr'><strong>dimetri</strong></span> <span class='ocrx_word' id='word_1_243' title='bbox 424 3517 498 3558; x_wconf 92' lang='lat' dir='ltr'><strong>cum</strong></span> <span class='ocrx_word' id='word_1_244' title='bbox 519 3493 689 3558; x_wconf 88' lang='lat' dir='ltr'><strong>trochaicis</strong></span> <span class='ocrx_word' id='word_1_245' title='bbox 714 3491 904 3579; x_wconf 83' lang='lat' dir='ltr'><strong>septenariis</strong></span> <span class='ocrx_word' id='word_1_246' title='bbox 927 3491 1125 3554; x_wconf 89' lang='lat' dir='ltr'><strong>alternantes</strong></span> <span class='ocrx_word' id='word_1_247' title='bbox 1147 3509 1250 3572; x_wconf 91' lang='lat' dir='ltr'><strong>usque</strong></span> 
     </span>
     <span class='ocr_line' id='line_1_31' title="bbox 155 3597 1252 3687; baseline -0.005 -20"><span class='ocrx_word' id='word_1_248' title='bbox 155 3600 194 3667; x_wconf 90' lang='lat' dir='ltr'><strong>ad</strong></span> <span class='ocrx_word' id='word_1_249' title='bbox 217 3626 248 3666; x_wconf 83' lang='lat' dir='ltr'><strong>v.</strong></span> <span class='ocrx_word' id='word_1_250' title='bbox 266 3602 316 3667; x_wconf 79' lang='lat'><strong>85.</strong></span> <span class='ocrx_word' id='word_1_251' title='bbox 360 3602 448 3668; x_wconf 88' lang='lat' dir='ltr'><strong>Hinc</strong></span> <span class='ocrx_word' id='word_1_252' title='bbox 477 3623 557 3666; x_wconf 88' lang='lat' dir='ltr'><strong>vero</strong></span> <span class='ocrx_word' id='word_1_253' title='bbox 588 3622 692 3687; x_wconf 91' lang='lat' dir='ltr'><strong>usque</strong></span> <span class='ocrx_word' id='word_1_254' title='bbox 723 3600 766 3664; x_wconf 85' lang='lat' dir='ltr'><strong>ad</strong></span> <span class='ocrx_word' id='word_1_255' title='bbox 797 3601 896 3665; x_wconf 89' lang='lat' dir='ltr'><strong>finem</strong></span> <span class='ocrx_word' id='word_1_256' title='bbox 925 3621 1038 3664; x_wconf 90' lang='lat' dir='ltr'><strong>rursus</strong></span> <span class='ocrx_word' id='word_1_257' title='bbox 1069 3597 1252 3663; x_wconf 88' lang='lat' dir='ltr'><strong>trochaioos</strong></span> 
     </span>
    </p>
   </div>
   <div class='ocr_carea' id='block_1_5' title="bbox 156 3814 353 3827">
    <p class='ocr_par' dir='ltr' id='par_1_5' title="bbox 156 3814 353 3827">
     <span class='ocr_line' id='line_1_32' title="bbox 156 3814 353 3827; baseline -0.015 0"><span class='ocrx_word' id='word_1_258' title='bbox 156 3814 353 3827; x_wconf 46' lang='lat' dir='ltr'><strong>m—</strong></span> 
     </span>
    </p>
   </div>
   <div class='ocr_carea' id='block_1_6' title="bbox 155 3945 1253 4227">
    <p class='ocr_par' dir='ltr' id='par_1_6' title="bbox 155 3945 1253 4227">
     <span class='ocr_line' id='line_1_33' title="bbox 228 3945 1253 4034; baseline -0.008 -12"><span class='ocrx_word' id='word_1_259' title='bbox 228 3970 256 4033; x_wconf 83' lang='grc'><strong>6)</strong></span> <span class='ocrx_word' id='word_1_260' title='bbox 276 3965 309 4019; x_wconf 87' lang='lat' dir='ltr'><strong>A.</strong></span> <span class='ocrx_word' id='word_1_261' title='bbox 328 3963 458 4034; x_wconf 79' lang='lat' dir='ltr'><strong>Spengel,</strong></span> <span class='ocrx_word' id='word_1_262' title='bbox 479 3963 510 4016; x_wconf 88' lang='lat' dir='ltr'><strong>T.</strong></span> <span class='ocrx_word' id='word_1_263' title='bbox 528 3945 651 4019; x_wconf 77' lang='lat' dir='ltr'><strong>Maccius</strong></span> <span class='ocrx_word' id='word_1_264' title='bbox 668 3964 794 4029; x_wconf 84' lang='lat' dir='ltr'><strong>Plautus,</strong></span> <span class='ocrx_word' id='word_1_265' title='bbox 813 3962 941 4033; x_wconf 80' lang='lat' dir='ltr'><strong>Gotting.</strong></span> <span class='ocrx_word' id='word_1_266' title='bbox 961 3962 1029 4016; x_wconf 79' lang='lat'>1865</span> <span class='ocrx_word' id='word_1_267' title='bbox 1047 3979 1075 4031; x_wconf 92' lang='lat' dir='ltr'><strong>p.</strong></span> <span class='ocrx_word' id='word_1_268' title='bbox 1094 3961 1153 4024; x_wconf 85' lang='grc'>165,</span> <span class='ocrx_word' id='word_1_269' title='bbox 1172 3977 1253 4030; x_wconf 90' lang='lat' dir='ltr'><strong>quem</strong></span> 
     </span>
     <span class='ocr_line' id='line_1_34' title="bbox 156 4052 1253 4130; baseline -0.005 -12"><span class='ocrx_word' id='word_1_270' title='bbox 156 4052 250 4118; x_wconf 78' lang='lat' dir='ltr'><strong>tamen</strong></span> <span class='ocrx_word' id='word_1_271' title='bbox 267 4060 372 4115; x_wconf 91' lang='lat' dir='ltr'><strong>librum</strong></span> <span class='ocrx_word' id='word_1_272' title='bbox 390 4060 433 4114; x_wconf 88' lang='lat' dir='ltr'><strong>his</strong></span> <span class='ocrx_word' id='word_1_273' title='bbox 453 4062 585 4130; x_wconf 87' lang='lat' dir='ltr'><strong>quattuor</strong></span> <span class='ocrx_word' id='word_1_274' title='bbox 603 4059 742 4130; x_wconf 86' lang='lat' dir='ltr'><strong>capitibus</strong></span> <span class='ocrx_word' id='word_1_275' title='bbox 760 4060 816 4115; x_wconf 86' lang='lat' dir='ltr'><strong>iam</strong></span> <span class='ocrx_word' id='word_1_276' title='bbox 834 4059 972 4117; x_wconf 82' lang='lat' dir='ltr'><strong>conclusis</strong></span> <span class='ocrx_word' id='word_1_277' title='bbox 990 4061 1020 4117; x_wconf 78' lang='lat' dir='ltr'><strong>et</strong></span> <span class='ocrx_word' id='word_1_278' title='bbox 1038 4057 1075 4114; x_wconf 77' lang='lat' dir='ltr'><strong>ad</strong></span> <span class='ocrx_word' id='word_1_279' title='bbox 1092 4057 1176 4114; x_wconf 89' lang='lat' dir='ltr'><strong>finem</strong></span> <span class='ocrx_word' id='word_1_280' title='bbox 1191 4077 1253 4128; x_wconf 91' lang='lat' dir='ltr'><strong>per·</strong></span> 
     </span>
     <span class='ocr_line' id='line_1_35' title="bbox 155 4158 370 4227; baseline -0.023 -12"><span class='ocrx_word' id='word_1_281' title='bbox 155 4158 247 4215; x_wconf 78' lang='lat' dir='ltr'><strong>ductis</strong></span> <span class='ocrx_word' id='word_1_282' title='bbox 267 4158 370 4227; x_wconf 87' lang='lat' dir='ltr'><strong>accepi.</strong></span> 
     </span>
    </p>
   </div>
   <div class='ocr_carea' id='block_1_7' title="bbox 0 0 1414 4830">
    <p class='ocr_par' dir='ltr' id='par_1_7' title="bbox 0 0 1414 4830">
     <span class='ocr_line' id='line_1_36' title="bbox 0 0 1414 4830; baseline 0 0"><span class='ocrx_word' id='word_1_283' title='bbox 0 0 1414 4830; x_wconf 95' lang='lat' dir='ltr'><strong> </strong></span> 
     </span>
    </p>
   </div>
  </div>
 </body>
</html>
