2820 4830
684 308 724 374 21

812 512 835 558 :2
866 493 943 561 Scio
967 503 999 558 et
1021 493 1122 559 credd
1142 492 1210 557 tibi.

241 602 341 669 Truc.
362 605 409 686 II,
431 603 461 686 6,
482 602 534 669 23.
577 601 678 670 Sdlve
697 611 826 668 ecastor
844 603 1082 691 Strttophanes
1095 609 1111 679 11
1124 601 1252 666 Venire

403 712 529 776 salvom
551 762 558 776 .
581 763 589 777 .
620 711 741 796 ::Seio,
764 711 823 777 sed
845 712 1019 800 peperitne
1043 733 1072 776 e.
1085 733 1115 796 q.
1129 735 1154 776 s.

154 818 253 901 Quod
276 820 332 906 qui
356 820 475 886 fecerit
497 843 595 909 spero
619 843 685 886 nou
705 821 897 885 miraturum
921 842 1004 903 esse,
1027 819 1127 884 talem
1149 817 1252 885 fuisse

152 929 331 1013 genuinam
355 952 385 994 v.
403 928 444 994 25
469 929 608 993 formam
629 929 656 994 si
677 928 861 995 contendo:

202 1113 208 1125 ³
236 1034 373 1103 Solvom
397 1046 430 1101 te
452 1036 628 1103 advenisse
651 1038 716 1102 huc
739 1087 767 1104 ..
789 1037 856 1106 Str.
877 1037 960 1102 Tam
980 1035 1040 1102 tibi
1052 1038 1136 1102 istuc
1151 1035 1251 1102 credo

210 1134 214 1140 ’
1000 1129 1097 1232 q'usm
1119 1145 1209 1211 mini.

135 1279 143 1289 .
235 1252 269 1334 2)
293 1251 422 1318 Ibidem
444 1253 569 1337 legitur
590 1277 622 1318 v.
637 1252 695 1320 27:
859 1331 860 1334 Ἴ

237 1357 496 1450 'Impetrstumst
515 1386 524 1428 z
543 1365 652 1452 empta
687 1363 855 1446 ancillast,
889 1362 980 1450 qudd
1013 1373 1083 1428 tute
1122 1363 1163 1428 ad
1198 1387 1252 1430 me

1058 1472 1171 1538 literas
1182 1473 1209 1557 3)

155 1576 224 1646 Sed
246 1578 390 1663 fidicina,
420 1578 460 1644 de
487 1602 551 1664 qua
573 1580 692 1665 agitur,
719 1603 795 1645 cum
818 1580 905 1647 domi
925 1604 986 1669 pro
1009 1582 1083 1647 erili
1106 1582 1174 1646 filia
1194 1581 1251 1646 ha·

154 1687 280 1770 beatur,
302 1688 424 1753 ancilla
446 1710 512 1752 non
538 1698 597 1771 est,
619 1710 682 1752 ncc
705 1688 811 1773 magis
833 1689 896 1753 hoc
919 1690 1056 1754 verbum
1087 1690 1252 1773 convenit,
1325 1705 1326 1708 ’

155 1794 183 1859 si
205 1795 367 1860 rationem
388 1806 529 1885 spectes,
553 1818 637 1882 quae
660 1796 748 1862 inter
768 1795 858 1861 illam
881 1806 914 1861 et
929 1797 1185 1887 Stratippoclem
1205 1797 1254 1862 in·

155 1902 306 1969 tercedit.
338 1902 386 1971 Ut
403 1903 506 1987 igitur
525 1914 601 1968 ante
620 1903 733 1992 puella
748 1904 877 1970 lenonis
889 1906 990 1969 fuerit
1004 1907 1167 1989 ‘aucillass
1188 1906 1254 1970 iam
1368 1938 1370 1942 ·

159 2012 214 2097 qui
238 2034 276 2076 eo
299 2013 432 2078 nomine
454 2034 525 2078 eam
547 2023 662 2078 contra
689 2033 782 2077 erum
812 2036 926 2078 servus
953 2014 1123 2102 appellare
1150 2014 1254 2102 possit

155 2143 223 2184 non
247 2121 358 2209 inepte
389 2144 456 2186 non
477 2144 644 2208 assequor,
668 2123 879 2206 quamobrem
902 2147 921 2186 a
943 2123 1061 2188 Plauto
1090 2116 1156 2187 non
1186 2126 1253 2187 ‘on-

158 2231 258 2312 oilla',
282 2231 341 2295 sed
364 2232 444 2296 ‘illa’
465 2231 625 2321 scriptum
648 2231 807 2319 suspicor,
828 2241 864 2294 ut
886 2232 933 2296 sic
955 2232 997 2297 sit
1023 2232 1249 2299 scribendum:

238 2332 513 2426 'Impetratumstz
543 2343 683 2428 emptast
705 2339 772 2422 illa,
796 2340 886 2425 quod
907 2348 977 2404 tute
999 2340 1041 2404 ad
1063 2363 1116 2407 me
1140 2342 1252 2406 literas

238 2448 272 2527 3)
298 2447 341 2526 ΙΙ,
367 2446 397 2530 2,
418 2447 469 2512 22.
506 2447 595 2528 Quid
616 2447 773 2513 traditum
798 2458 885 2514 esset
908 2458 941 2513 ct
954 2448 989 2512 in
1004 2471 1068 2534 quo
1081 2449 1252 2514 offenden-

154 2559 233 2624 dum
255 2559 446 2645 Wagnerus
468 2560 618 2649 proxime
643 2561 807 2650 exposuit,
828 2562 922 2627 Iahn.
935 2584 1011 2626 aun.
1022 2562 1104 2650 phil.
1121 2572 1198 2627 tom.
1211 2561 1251 2626 89

153 2692 186 2757 p.
206 2668 278 2734 631.
319 2669 354 2734 Is
376 2668 465 2754 quod
488 2671 569 2733 ‘scit’
590 2671 728 2735 verbum
743 2671 776 2734 in
798 2671 901 2735 ‘dicit'
923 2670 1115 2734 mutandum
1128 2681 1251 2753 censet,

156 2776 377 2842 coniecturam
401 2760 582 2867 occupavit,
614 2778 648 2843 in
680 2802 778 2864 quam
805 2801 869 2864 ego
899 2800 1030 2865 quoque
1060 2777 1251 2846 incideram.

128 2928 132 2934 -
156 2868 241 2952 Cum
264 2896 374 2951 tamen
397 2887 447 2951 ius
468 2887 612 2952 auctoris
637 2887 790 2953 lubenter
813 2887 842 2953 ei
866 2887 1095 2973 concederem,
1117 2886 1251 2952 omuino

153 2994 340 3078 tacuissem,
368 2995 432 3061 nisi
463 3018 537 3060 eum
566 2997 602 3060 in
631 3019 668 3062 re
700 2996 895 3062 secundaria
927 2995 1060 3084 quidem
1091 2997 1251 3062 librorum

153 3104 345 3180 memoriam
369 3105 477 3171 lenius
500 3105 649 3171 viderem
672 3105 878 3171 iudicavisse.
907 3104 1251 3191 Numquamvisv..22

156 3211 282 3276 exitum
305 3213 471 3280 interiisse
497 3213 700 3279 censendum
722 3213 774 3297 sit,
803 3214 866 3279 hoc
889 3224 999 3280 tamen
1021 3214 1156 3280 dubium
1178 3235 1251 3279 esse

152 3319 210 3385 vix
230 3330 350 3409 potest,
373 3322 453 3407 quin
472 3323 555 3388 tales
576 3334 745 3389 accentus:
768 3325 852 3387 ‘seint
874 3324 1001 3387 domitus
1020 3321 1251 3411 Thebis::qnis

153 3429 213 3495 Ιιόσ
234 3431 344 3497 vitiosi
365 3435 430 3498 sint
453 3434 511 3518 (ef.
535 3432 658 3499 Ritsch.
678 3434 763 3520 prol.
789 3432 823 3498 in
844 3433 951 3501 Plaut.
972 3459 1004 3523 p.
1018 3433 1106 3515 233),
1139 3455 1250 3518 quare,
1354 3435 1356 3438 ’

154 3562 228 3604 cum
251 3541 335 3606 illud
360 3545 444 3631 ‘quis
466 3541 537 3609 ltoe'
565 3544 737 3629 antiquum,
761 3567 827 3608 non
849 3552 945 3626 esset,
975 3542 1022 3608 sic
1045 3541 1153 3631 potius
1178 3563 1250 3607 esse
1289 3637 1292 3640 Α

153 3648 334 3732 legendum
356 3651 436 3715 mihi
457 3675 703 3740 persuaseram:
821 3687 823 3690 >

238 3753 269 3822 A'
291 3759 425 3845 legione
455 3763 568 3826 omnds
597 3763 726 3842 remissi
749 3762 881 3828 domum
907 3771 983 3826 sunt
1006 3760 1139 3826 Thebis.
1184 3761 1250 3847 Ap.

969 3867 1076 3956 [Quis
1099 3865 1206 3956 cedo,]

235 3975 270 4059 4)
292 3974 337 4058 H,
361 3974 391 4059 2,
413 3975 453 4041 56
466 3999 514 4062 sq.
537 3976 695 4063 legimus:

225 4193 253 4262 3)
269 4193 403 4265 Emptest
419 4196 533 4250 ancilla:
551 4195 610 4251 VR.
