2820 4830
695 257 738 324 20

249 442 363 508 Liceat
385 441 446 524 his,
470 440 624 527 quoniam
646 439 804 507 interiore
820 441 954 506 vinculo
971 441 1082 506 iuncta
1098 465 1165 507 non
1178 455 1264 528 sunt,

166 551 328 638 quaedam
350 550 506 634 adiicere,
537 550 655 636 quibus
685 550 766 617 mihi
796 549 837 617 de
867 549 994 638 aliquot
1022 550 1154 642 Epidici
1181 554 1264 621 locis

165 670 279 748 aperte
302 658 466 746 corruptis
489 680 555 722 non
578 659 664 724 male
693 658 815 724 mereri
841 659 964 724 videar.
1008 661 1124 745 Selegi
1154 672 1264 728 autom

166 792 221 835 eos
243 769 345 853 locos,
377 769 432 854 qui
458 767 626 832 variorum
648 777 918 853 argumentorum
950 769 983 832 vi
1013 778 1046 834 et
1073 769 1167 859 copia
1195 795 1263 836 non

164 889 314 964 egerent,
338 900 430 964 quos,
455 886 492 942 ut
512 899 572 964 par
595 876 700 941 estin
724 876 855 961 talibus,
877 900 974 962 quam
995 879 1189 947 brevissime
1204 904 1262 970 po·

163 997 234 1052 tero
258 987 429 1052 enarrabo.

248 1093 279 1176 1)
300 1096 329 1177 I,
351 1094 381 1177 2,
403 1094 529 1161 23—25
548 1095 652 1181 vulgo
674 1095 722 1161 sic
746 1096 921 1180 leguntur:

244 1201 439 1288 Aggrediar
473 1203 650 1268 hominem.
706 1201 952 1269 Aduenientem
985 1227 1128 1292 peregre
1167 1229 1260 1270 erum

843 1337 938 1381 suum
961 1313 1218 1403 Stratippoclem

248 1424 348 1493 Salva
371 1421 520 1510 impertit
547 1422 653 1488 salute
684 1444 798 1488 servos
824 1421 994 1511 Epidicus.
1038 1423 1104 1492 Str.
1134 1424 1202 1492 Ubi
1232 1426 1259 1491 is

880 1531 969 1618 est?
1012 1532 1074 1620 Ep.
1099 1532 1217 1602 Adest.

246 1641 380 1711 Salvom
403 1650 436 1706 te
457 1640 587 1726 gaudeo
608 1641 674 1705 hnc
688 1639 872 1706 advenisse.
906 1641 974 1710 Str.
1000 1640 1082 1706 Tam
1099 1642 1157 1707 tibi
1174 1642 1259 1708 istuc

884 1751 985 1815 credo
1008 1773 1105 1836 quam
1127 1750 1217 1817 mihi.

163 1861 209 1927 Hi
232 1882 347 1926 versus
367 1858 447 1945 quin
469 1858 626 1923 trochaici
647 1880 720 1924 esse
744 1856 888 1923 debeant
909 1859 1085 1947 septenarii
1116 1860 1150 1924 in
1176 1859 1258 1948 opti·

160 1991 286 2033 morum
310 1967 552 2033 trochaicorum
579 1989 735 2031 versuum
763 1965 931 2032 vicinitate
963 1967 1104 2033 dubitari
1133 1969 1258 2054 nequit.

159 2079 220 2144 Est
240 2077 402 2163 igiturex
426 2077 532 2165 primo
544 2099 653 2159 versu,
678 2078 807 2163 dequo
831 2098 927 2141 nemo
951 2076 1121 2161 dubitabit,
1146 2081 1258 2144 ‘saum'

159 2207 343 2274 pronomen
365 2195 402 2249 ut
422 2208 524 2249 unum
546 2207 828 2273 supervacaneum
852 2183 1100 2273 expellendum,
1123 2185 1157 2251 id
1169 2189 1257 2273 quod

160 2297 225 2359 iam
248 2320 267 2359 a
289 2295 413 2375 Bothio
432 2306 524 2360 recte
548 2302 760 2383 perspectum
785 2303 844 2359 est.
879 2295 920 2359 In
944 2295 1048 2361 altero
1064 2319 1144 2362 vero
1158 2319 1256 2362 versu

160 2428 227 2471 non
249 2403 346 2468 video
370 2403 450 2489 quid
471 2402 532 2468 sibi
561 2403 642 2468 velit
671 2402 755 2467 illud
774 2403 880 2475 fsolvo
901 2402 1026 2485 salote’,
1057 2404 1149 2470 cuius
1182 2406 1255 2469 loco

159 2516 240 2578 ‘sao'
266 2511 464 2578 vocabulum
485 2511 709 2576 revocandum
733 2511 828 2594 duco,
851 2511 1103 2597 quodquidam,
1127 2513 1155 2578 si
1178 2515 1256 2579 olim

160 2623 319 2710 scriptum
341 2631 421 2703 erat,
445 2642 484 2685 eo
509 2631 701 2708 corruptum
724 2643 796 2686 esse
818 2619 853 2684 in
877 2621 1054 2708 propatulo
1081 2632 1141 2704 est,
1168 2623 1257 2708 qnod

160 2729 278 2795 autad
300 2752 432 2795 versum
456 2729 511 2814 qui
534 2729 682 2815 sequitur
707 2739 762 2793 aut
785 2730 827 2794 ad
848 2753 879 2794 v.
893 2729 931 2794 19
952 2729 1077 2794 librarii
1101 2731 1188 2795 oculi
1201 2733 1255 2796 ab·

159 2850 322 2905 errarunt.
365 2839 436 2904 Iam
458 2838 574 2904 ultimo
599 2838 710 2904 versui
733 2861 816 2924 quae
848 2838 889 2903 sit
917 2838 1103 2904 adhibenda
1126 2839 1257 2904 medela

156 2949 347 3033 intelleges,
367 2947 395 3012 si
419 2947 662 3036 comparaveris
684 2947 745 3014 hos
768 2970 850 3033 quos
874 2969 917 3012 ex
932 2947 1050 3014 Plauto
1073 2947 1256 3036 conscripsi

156 3059 269 3123 locos:

241 3166 363 3232 Bacch.
385 3165 457 3232 456.
501 3164 619 3233 Sdlvos
642 3165 687 3230 sis
710 3165 926 3247 Mnesilocho,
952 3165 1078 3229 salvom
1099 3174 1131 3230 te
1157 3164 1255 3232 adve-

984 3273 1057 3338 nire
1081 3275 1210 3360 geddeo

242 3381 341 3449 Cure.
364 3384 436 3448 305.
479 3382 759 3451 Stlve::Salvom
779 3384 907 3470 geddeo
923 3390 938 3456 ll
952 3382 1000 3449 Te
1024 3383 1182 3448 advenire

239 3491 345 3559 Stich.
368 3493 440 3557 584.
484 3491 513 3559 Ο
536 3514 609 3556 mea
632 3491 699 3557 vita
721 3492 869 3556 —salve
891 3491 1045 3556 .salvom
1067 3492 1197 3577 geddeo

468 3601 617 3688 Peregre
639 3611 671 3665 te
692 3600 727 3664 in
745 3601 886 3689 patriam
906 3598 1032 3667 redisse
1054 3650 1061 3666 .
1083 3589 1188 3667 salve.

237 3708 333 3773 Most.
352 3709 424 3773 447.
468 3709 535 3774 Ere
558 3710 666 3775 salve:
688 3709 814 3774 salvom
836 3719 868 3774 te
890 3709 1063 3775 ddvenisse
1086 3709 1226 3795 gaudeo.

237 3817 333 3882 Most.
356 3817 428 3882 805.
471 3817 606 3884 Salvom
627 3827 658 3882 te
680 3816 852 3883 advenisse
874 3840 1018 3905 peregre
1037 3817 1178 3903 gaudeo.

236 3927 339 3993 Poen.
357 3927 419 4009 Ill,
437 3927 467 4008 3,
489 3926 538 3994 72.
568 3925 853 3994 Saldtat.salvom
874 3937 907 3991 te
930 3926 1087 3992 ddvenire
1111 3927 1251 4014 gaudeo.

153 4031 222 4098 Hos
246 4033 350 4117 igitur
371 4035 487 4100 confer
510 4059 586 4100 curn
607 4036 717 4102 hisce:

236 4142 327 4209 Trin.
353 4145 443 4208 1073.
488 4143 734 4213 SalvexSalve
758 4142 1079 4213 Stasimo::Salvom
1099 4147 1133 4210 te
1158 4192 1194 4210 ..
