2820 4830
740 270 782 335 30

295 448 358 536 ΕΡ.
376 436 471 537 [Pol]
493 460 585 516 recte
608 451 712 515 oculis
734 452 847 517 niteris.
880 451 940 516 Th.
957 450 1067 520 Solve.
1099 449 1160 536 ΕΡ.
1184 427 1313 538 [Vhtu]

895 559 940 625 Di
962 559 1042 624 dent
1065 562 1148 642 quie
1172 557 1267 622 velis.

223 665 252 730 ‘5
296 663 373 755 [Te]
399 667 514 731 venire
541 668 679 751 geddeo.
724 667 786 733 Th.
817 667 906 749 Quid
929 666 1100 733 ceterum?
1124 666 1187 753 ΕΡ.
1214 665 1313 746 Quod

1141 777 1270 842 ddsolet

295 886 388 953 Cena
402 887 542 952 dabitur.
587 887 650 951 Th.
674 886 842 974 Spondeo.
874 887 936 974 ΕΡ.
958 886 1073 968 Quid?
1095 886 1157 953 Th.
1180 888 1235 953 Me
1259 889 1312 950 ic·

769 1012 777 1026 ¹
918 1006 1094 1083 cepturum
1115 999 1144 1061 si
1165 994 1267 1060 dabis.

293 1106 356 1194 Ep.
378 1105 466 1186 Quid
489 1117 524 1170 tu
547 1105 643 1191 agis‘?
677 1106 724 1173 Ut
745 1104 861 1169 vales?
891 1104 953 1170 Th.
979 1104 1180 1192 Exemplum
1207 1104 1310 1169 adest.

794 1214 856 1301 ΕΡ.
880 1214 1066 1298 Intellego:
1088 1213 1266 1300 Edgepael

295 1322 535 1410 corpulentior
558 1323 674 1388 videro
697 1333 795 1408 atque
819 1322 969 1387 hibitior.
1002 1322 1063 1387 Th.
1085 1321 1174 1385 Huic
1192 1321 1309 1407 gretie.

291 1433 353 1520 ΕΡ.
379 1431 486 1513 Quem
509 1432 642 1517 quidem
665 1443 697 1498 te
722 1433 787 1496 idm
815 1431 868 1496 diu
902 1430 1127 1518 deperdidisse
1152 1430 1309 1519 oportuit.

214 1541 253 1605 10
295 1540 357 1607 Th.
381 1542 491 1606 Minus
506 1540 570 1603 iam
584 1540 747 1604 furtificus
759 1563 841 1624 sum,
865 1563 960 1625 quam
974 1540 1121 1604 antchac.
1144 1539 1207 1626 ΕΡ.
1220 1538 1309 1620 Quid

784 1648 852 1713 ita?
874 1649 934 1714 Th.
957 1648 1060 1734 Rapio
1083 1647 1266 1735 propalam.

290 1758 352 1845 ΕΡ.
375 1757 419 1822 Di
442 1758 644 1822 immortales
668 1754 727 1844 [te]
753 1757 937 1840 infelicent,
968 1760 1003 1820 rit
1030 1767 1064 1820 tu
1094 1757 1121 1820 is
1147 1756 1307 1839 gradibus

1062 1865 1261 1950 grendibusl

291 1974 376 2040 Nam
398 1978 433 2040 rit
457 1975 543 2063 apud
569 1985 701 2063 portum
730 1978 764 2040 te
792 1974 962 2062 conspexi,
994 1974 1161 2039 cdrriculo
1190 1979 1310 2064 occepi

1159 2106 1264 2169 sequr,

293 2193 360 2257 Vix
394 2193 600 2280 adipiscendi
632 2203 777 2281 potestas
809 2194 907 2258 mhdo
942 2193 1013 2256 fuit.
1062 2193 1123 2258 Th.
1155 2193 1307 2262 Sourre‘s

1097 2302 1160 2389 ΕΡ.
1183 2302 1261 2370 Scio

293 2412 342 2476 Te
376 2414 447 2476 esse
479 2410 612 2495 quidem
635 2411 801 2476 hominem
824 2411 1009 2496 militarem.
1053 2409 1115 2476 Th.
1135 2412 1308 2477 Audicter

984 2519 1132 2605 quamvis
1154 2519 1263 2586 dicito.

209 2628 249 2693 15
292 2628 353 2716 ΕΡ.
377 2627 465 2708 Quid
488 2626 557 2692 ais?
591 2631 779 2716 perpetuen
809 2627 967 2692 valuisti?
1002 2628 1063 2695 Th.
1088 2628 1198 2693 Varie.
1242 2627 1305 2715 ΕΡ.

948 2737 1013 2816 Qui
1036 2737 1126 2802 varie
1149 2738 1262 2803 valent

290 2845 516 2933 Ciprigenum
538 2845 707 2911 hominurn
730 2845 796 2911 non
819 2847 930 2934 placet
958 2846 1001 2909 mi
1028 2850 1137 2932 neque
1164 2848 1301 2936 panthe-

1011 2957 1121 3020 rindm
1145 2980 1260 3044 genus.

288 3061 349 3125 Th.
375 3059 463 3140 Quid
495 3061 554 3126 tihi
586 3061 701 3144 dicam,
731 3063 793 3127 nisi
824 3065 910 3148 quod
945 3065 1020 3130 cst?
1053 3066 1101 3134 Ut
1126 3067 1226 3149 vilui,
1251 3089 1304 3131 re-

891 3174 1017 3261 spondi.
1060 3175 1121 3263 ΕΡ.
1141 3176 1260 3241 Probe.

274 3395 292 3446 4
310 3414 484 3464 quaeeunque
503 3400 580 3449 uncis
599 3400 708 3448 incluso
727 3408 799 3460 sunt,
819 3402 874 3464 ipse
898 3402 1006 3451 addidi.
1027 3397 1113 3450 Recte
1133 3416 1139 3450 :
1159 3398 1217 3466 AR,
1237 3405 1303 3453 Sca-

205 3496 276 3558 liqer
293 3488 375 3542 Certe
393 3508 399 3541 :
417 3488 469 3557 Vp.
490 3496 525 3559 cf.
546 3495 629 3544 Stich
650 3496 692 3543 90.
772 3493 788 3543 5
807 3489 910 3544 Venire
929 3491 1035 3544 salvom
1053 3493 1161 3562 gaudeo
1181 3513 1186 3546 :
1205 3492 1248 3562 Vp
1268 3525 1304 3534 -

203 3585 280 3653 quod
291 3602 324 3638 eo
334 3585 458 3639 adsolet:
472 3585 525 3638 VP.
536 3591 571 3657 cf.
587 3587 683 3640 Bacch.
695 3593 755 3640 184.
828 3591 844 3641 6
863 3587 936 3640 Cena
953 3589 1007 3640 tibi
1027 3589 1142 3642 debitur
1152 3609 1158 3643 ε
1169 3590 1221 3659 Vp.
1233 3591 1304 3644 ‘hibi’

204 3687 325 3736 deletum
344 3687 400 3735 iam
420 3702 437 3735 e
458 3685 563 3740 Quieto.
646 3685 662 3735 7
685 3682 757 3748 Quid
773 3673 904 3752 lui'agis
922 3687 955 3737 ut
974 3684 1042 3737 velis
1060 3704 1066 3738 ε
1086 3684 1143 3739 VP.
1163 3707 1232 3742 corr.
1252 3692 1302 3741 Oa*

203 3782 392 3829 merariue.·-
404 3774 499 3828 ‘adest’
517 3793 523 3826 :
543 3789 655 3839 veteres,
676 3776 790 3829 ‘adesse’
806 3776 862 3830 VP.
875 3808 908 3816 —
920 3796 1041 3847 eugepae
1059 3798 1065 3831 ι
1085 3794 1196 3846 cereres,
1217 3796 1302 3850 euge:

202 3869 258 3923 VP.
334 3873 350 3922 8
368 3870 492 3924 habitior
511 3890 517 3923 z
535 3885 586 3926 oet.
606 3870 734 3940 agilior:
754 3872 810 3927 VP.
883 3876 899 3927 9
919 3874 1110 3942 deperdidisse
1130 3894 1136 3928 ε
1160 3883 1301 3931 Gamerar.

202 3965 360 4034 perdidisse
369 3966 424 4020 VP.
438 3970 539 4022 Melius
554 3974 709 4037 procedant
727 3977 844 4034 numeri,
865 3977 890 4023 si
905 3977 1069 4026 scribamus:
1091 3971 1179 4037 Quem
1189 3971 1303 4041 quidem

204 4060 319 4132 [hercle]
340 4062 396 4115 idm
414 4063 462 4116 diu
480 4066 509 4117 te
527 4062 607 4132 perd.
625 4095 660 4103 —
734 4067 766 4117 15
785 4064 858 4134 egis:
877 4065 928 4134 Vp.
942 4071 1146 4136 —perpetuen
1162 4068 1218 4123 VP.
1237 4076 1301 4125 olim

203 4178 273 4214 corr.
356 4163 388 4213 17
405 4159 459 4214 libi
477 4159 518 4215 vis
540 4159 632 4214 dicem
650 4179 656 4213 ε
676 4158 729 4229 Vp.
748 4191 783 4201 -
801 4161 847 4216 ‘Ul
865 4161 941 4216 valui
959 4165 1100 4233 respondi.
1119 4165 1171 4234 Ep.
1191 4165 1302 4222 Probe'.
1384 4169 1387 4175 '
