2820 4830
679 264 722 331 24

151 453 208 541 qui
232 454 385 519 vitiosum
407 453 533 542 ‘allipa'
559 453 698 518 verbum
726 449 860 516 omnino
883 448 918 513 in
940 447 1067 512 Vetere
1096 463 1164 506 non
1194 461 1254 506 ex·

152 571 225 643 stat,
247 562 306 627 sed
327 561 516 626 coniectura
535 569 661 626 tantum
684 581 727 623 ex
748 557 864 644 ‘slepe'
888 555 1046 620 effectum
1068 560 1129 634 est,
1162 546 1252 635 quod

155 669 288 756 quidem
320 670 398 735 mihi
431 672 513 758 ‘ape’
546 668 742 758 imperativo
777 667 909 733 videtur
942 662 1134 729 mutandum
1168 680 1253 725 esse.

155 777 355 866 Scripserim
376 778 497 864 igitur:

239 887 314 953 Tibi
339 909 464 951 moram
490 884 584 968 facis,
613 908 689 951 cum
712 887 777 969 ego
808 883 934 948 solutus
963 880 1075 947 adsto:
1104 900 1176 964 age,
1203 876 1253 941 in·

953 1013 1063 1077 quam,
1083 988 1219 1073 cdlliga.

607 1183 804 1190 ——-—-—·

664 1430 740 1500 ΠΙ.

157 1632 220 1717 De
250 1629 422 1716 numeris
451 1629 599 1741 primae
630 1630 783 1715 fabulae
813 1656 953 1716 scenae
990 1626 1252 1714 restituendis

238 2018 324 2084 Prae
349 2019 469 2085 ceteris
491 2019 588 2084 huius
611 2017 742 2083 fabulae
765 2016 873 2082 scenis
894 2014 1020 2102 primae
1041 2019 1134 2075 actus
1155 2005 1253 2096 primi

158 2122 286 2187 numeri
311 2124 344 2186 in
374 2123 468 2189 libris
499 2123 656 2190 miserum
684 2124 718 2187 in
749 2120 882 2187 modum
908 2118 1029 2185 turbati
1057 2127 1143 2199 sunt,
1173 2139 1253 2203 quas

157 2229 290 2313 quidem
310 2232 421 2296 turbas
444 2231 472 2297 si
500 2232 573 2317 quis
600 2255 619 2294 a
646 2228 887 2295 recentioribus
915 2223 1096 2292 editoribus
1122 2220 1254 2304 Bothio,

156 2336 286 2419 Iacobo,
311 2336 446 2402 Weiseo
466 2349 578 2403 auctas
608 2337 716 2426 potius
739 2358 811 2401 esse
834 2359 930 2423 quam
956 2331 1153 2421 compositas
1177 2353 1254 2396 con-

156 2444 281 2527 tendet,
313 2445 370 2508 vix
403 2445 443 2510 iis
475 2445 625 2511 iniuriam
657 2445 807 2511 intulisse
842 2442 1006 2533 putandus
1038 2440 1130 2506 erit'
1156 2438 1254 2521 Quod

157 2559 268 2616 tamen
288 2553 393 2636 magis
417 2553 526 2640 miror,
546 2553 630 2619 illud
653 2563 712 2636 est,
736 2550 944 2640 quodetiam
968 2548 1114 2632 Brixius,
1145 2547 1257 2634 Euge·

154 2682 210 2723 rus
223 2669 321 2746 atque
333 2660 415 2726 adeo
427 2661 639 2726 Hermaunus
652 2661 688 2745 ¹),
712 2660 770 2725 ubi
792 2659 948 2727 versiculi
969 2658 1047 2723 hinc
1069 2658 1256 2748 deprompti

155 2769 190 2832 in
215 2769 460 2835 contentionem
488 2781 664 2856 venerunt,
694 2769 804 2835 varios
834 2768 868 2834 in
895 2771 957 2835 hae
980 2790 1080 2834 scena
1100 2789 1256 2833 numeros

157 2879 330 2943 admittere
352 2902 418 2945 non
442 2879 686 2946 dubitaverunt.
729 2879 843 2948 Unum
870 2888 997 2942 tantum
1024 2876 1168 2961 invenio,
1200 2875 1256 2962 qui

157 2987 335 3074 depravata
358 2997 390 3052 et
413 2987 523 3052 fallaci
545 2987 704 3053 librorum
723 2986 882 3051 memoria
903 2986 1032 3051 diffisus
1046 2984 1126 3071 quid
1137 2984 1255 3049 Plauto

158 3094 296 3180 dignum
329 3107 416 3161 esset
449 3097 613 3161 curavisse
647 3095 793 3178 videtur,
828 3095 1004 3178 Guietum‚
1036 3094 1093 3180 qui
1124 3101 1256 3181 praeter

157 3205 318 3268 librorum
340 3203 530 3268 memoriam
552 3225 613 3290 per
635 3201 758 3290 primos
780 3201 822 3267 36
852 3224 968 3266 versus
996 3199 1085 3265 idem
1114 3209 1257 3265 metrum

156 3313 360 3377 trochaicum
386 3334 453 3376 non
478 3312 549 3376 sine
572 3312 683 3397 aliqua
706 3310 739 3376 in
763 3310 970 3374 emendando
999 3307 1132 3374 audacia
1161 3306 1256 3372 resti·

156 3421 226 3485 tuit.
271 3419 347 3484 Non
368 3420 513 3508 perstitit
533 3431 643 3486 tamen
666 3420 700 3483 in
724 3420 940 3485 saluberrimo
954 3417 1103 3499 consilio,
1124 3405 1183 3481 sed
1194 3414 1256 3480 dif-

155 3528 366 3611 ficultatibus,
389 3550 472 3614 quae
496 3530 573 3594 inde
598 3530 716 3594 av.37
733 3531 965 3611 nascebantur,
985 3527 1162 3592 deterritus
1176 3525 1256 3590 omi-

156 3639 208 3720 sit,
239 3637 333 3702 utin
361 3639 545 3726 posteriore
575 3660 693 3704 scenae
723 3649 817 3726 parte
850 3640 986 3725 vulgata
1018 3636 1161 3703 lectione
1189 3645 1257 3698 non

160 3746 303 3810 minores
326 3770 481 3812 uersuum
505 3747 617 3811 turbas
640 3745 823 3810 exhiberet.
867 3745 950 3810 Nam
973 3743 1136 3810 utstatim
1159 3762 1257 3827 quem

158 3854 319 3919 adfinem
342 3864 557 3942 perrecturus
580 3853 641 3919 sim
662 3853 816 3937 indicem,
840 3876 882 3917 ex
905 3876 978 3919 mea
1000 3850 1163 3918 sententia
1188 3859 1257 3915 tota

230 4055 255 4124 1)
271 4054 348 4119 Brior,
368 4054 505 4109 emendat.
524 4054 617 4108 Plaut.
635 4053 721 4124 Brieg
742 4056 819 4110 1847.
855 4054 960 4124 Enger,
980 4071 1031 4107 zur
1049 4051 1190 4107 Prosodik
1208 4051 1258 4105 des

155 4150 283 4215 Plautus,
301 4150 428 4206 Ostrowo
448 4154 525 4205 1852.
564 4150 713 4216 Hermann,
732 4151 810 4206 elem.
829 4151 919 4206 doctr.
935 4152 1018 4205 metr.
