2820 4830
683 225 725 293 38

153 411 223 475 Iam
245 409 296 474 his
326 410 451 475 duobus
476 411 650 476 trochaicis
674 410 869 500 septenariis
901 419 968 474 tam
996 409 1085 476 facili
1116 408 1252 493 negotio

154 519 345 584 restauratis
376 519 448 605 quis
475 543 494 582 a
520 520 617 585 tertio
643 520 694 584 his
720 521 876 584 ambobus
903 520 1098 608 interposito
1126 509 1251 586 cautius

154 647 250 710 quam
276 649 294 690 6
317 627 442 692 ratione
466 651 579 693 manus
602 628 783 694 abstineat?
805 628 894 693 Num
914 626 1069 694 Plautum
1092 628 1252 694 credibile

153 733 285 799 videtur
307 736 341 798 iu
365 735 493 800 deliciis
513 735 664 800 habuisse
694 737 793 802 talem
821 737 855 800 iu
885 737 1071 824 pangendis
1101 737 1252 802 versibus

153 841 411 923 inconstantiam,
434 853 469 908 ut
490 843 525 906 in
549 843 663 906 eodem
686 844 854 908 enuntiato
878 845 968 907 nulla
992 869 1088 909 causa
1110 855 1253 910 metrum

153 949 321 1014 variaret?
344 951 401 1015 An
425 952 596 1037 quisquam
620 951 707 1015 idem
731 961 766 1015 ut
780 952 947 1017 trochaico
965 952 1150 1040 septenario
1167 975 1254 1017 com·

152 1059 376 1146 prehenderet
411 1060 440 1124 ei
477 1082 543 1124 non
578 1059 757 1143 contigisse
791 1060 877 1124 serio
910 1061 1113 1125 contendet?
1153 1060 1253 1147 Sane,

154 1169 261 1256 primo
284 1169 416 1254 quidem
439 1179 570 1256 aspectu
599 1168 833 1254 integerrimus
863 1169 993 1234 videtur
1025 1191 1097 1234 esse
1128 1193 1252 1253 versus,

155 1280 213 1346 sed
236 1281 342 1345 acrius
368 1279 503 1343 instanti
517 1278 663 1343 maculae
677 1288 841 1363 tamquam
853 1279 912 1342 sub
925 1277 1099 1366 superficie
1112 1277 1253 1342 latentes

156 1389 243 1454 clare
255 1388 436 1477 perlucent.
458 1388 605 1452 Primum
618 1387 706 1450 euim
720 1386 773 1450 hic
789 1409 904 1452 versus
920 1386 1105 1451 octonarius
1121 1388 1252 1471 ‘perire'

154 1497 349 1561 infinitivum
385 1496 417 1559 in
450 1505 589 1583 utroque
623 1497 769 1560 membro
802 1496 924 1560 habens
952 1496 1069 1560 mirum
1097 1504 1254 1580 quantum

154 1607 299 1693 languet,
322 1606 409 1690 quod
433 1628 513 1693 quae
535 1605 576 1670 sit
598 1605 732 1687 offensio
751 1605 1083 1671 auresPlautinorum
1097 1627 1253 1670 versuum

155 1715 319 1803 elegantia
350 1719 390 1795 etJ
414 1714 581 1780 alacritate
613 1714 768 1779 adsuetae
798 1713 895 1779 facile
924 1713 1072 1803 profecto
1096 1714 1252 1780 sentiunt.

121 1909 126 1917 ἡ
157 1824 297 1890 Accedit
322 1825 421 1908 alind,
454 1825 487 1889 in
511 1847 574 1908 quo
598 1825 694 1889 etiam
723 1825 884 1910 gravioris
908 1823 1041 1889 invenio
1063 1823 1253 1910 suspitionis

111 1932 133 1949 “’
154 1957 275 1999 ansam.
322 1933 524 2000 Observasse
548 1933 632 1997 enim
655 1934 782 2016 videor,
802 1933 989 2018 ubicunque
1013 1933 1053 1997 ad
1077 1934 1167 1998 verbi
1191 1933 1253 1997 ali-

154 2043 244 2108 cuius
259 2065 432 2129 personam
448 2042 586 2129 primam
606 2043 709 2106 solus
731 2041 924 2106 adiectivum
941 2043 986 2107 ita
1002 2052 1193 2130 apponatur,
1215 2052 1252 2106 ut

154 2175 221 2217 non
241 2152 419 2238 praedicati
447 2151 518 2216 vice
541 2154 707 2237 fungatur,
737 2174 798 2215 usu
823 2153 893 2216 fere
921 2152 1082 2217 constanti
1106 2150 1209 2216 verbo
1233 2177 1252 2216 a

93 2261 100 2344 ’Ἴ
155 2261 270 2326 Plauto
292 2261 369 2325 addi
391 2281 573 2348 pronomen
596 2260 769 2348 personale
791 2259 881 2347 ‘epo’.
928 2259 1029 2328 Cuius
1058 2283 1136 2324 usus
1168 2282 1250 2344 quae

156 2371 268 2435 iuveni
295 2370 458 2455 exempla,
481 2371 560 2434 haec
581 2369 717 2435 habeto:

236 2477 448 2564 Amphione:
474 2475 560 2560 quod
582 2484 713 2560 egomet
734 2476 823 2540 solus
845 2475 920 2540 feci.
1022 2551 1024 2554 y

239 2586 333 2651 Asin.
347 2585 422 2651 163:
448 2584 546 2652 Solus
570 2584 746 2650 solitudine
771 2607 834 2670 ego
859 2585 914 2648 ted
937 2583 1064 2667 abstuli.

239 2693 414 2760 nieme:
439 2694 508 2758 sola
531 2715 593 2778 ego
616 2692 650 2757 in
673 2692 810 2758 casteria
824 2700 839 2770 Η
854 2691 921 2759 Ubi
944 2692 1084 2780 quiesco.

238 2803 317 2868 Aul.
333 2802 394 2886 IV,
408 2803 436 2882 8,
450 2802 486 2867 2:
510 2802 584 2886 Ego
608 2802 695 2866 solus
719 2823 848 2888 supero.

239 2911 334 2998 Epid.
347 2910 410 2995 III,
424 2910 453 2994 2,
465 2910 504 2976 28
517 2935 524 2976 :
546 2909 728 2976 Deveniam
740 2910 781 2973 ad
793 2911 945 2974 lenonem
957 2947 992 2953 -
1006 2916 1137 2992 egomet
1149 2909 1249 2974 solus.

239 3017 357 3083 Bacch.
373 3018 470 3082 1089:
492 3016 590 3083 Solus
613 3038 675 3102 ego
698 3039 810 3082 omnes
834 3015 974 3080 antideo.

240 3129 332 3194 Most.
348 3129 428 3194 880:
451 3126 547 3194 Solus
572 3149 634 3212 ego
658 3148 745 3191 nunc
767 3147 804 3190 eo
827 3125 1012 3203 advorsum,
1041 3125 1099 3190 ati
1125 3128 1209 3212 ‘epo’
1233 3151 1254 3190 a

239 3237 417 3300 liitsclrelt'o
439 3249 525 3298 recte
548 3236 695 3298 additum
719 3249 774 3299 est.

241 3345 324 3410 Ibid.
341 3345 438 3411 1126:
462 3345 558 3410 Nunc
585 3367 646 3430 ego
670 3344 758 3410 solus
783 3367 854 3408 sum
876 3354 984 3408 orator
1008 3343 1111 3435 datus.

238 3453 359 3519 Pseud.
375 3454 454 3518 807:
479 3453 552 3517 Hoc
575 3474 636 3536 ego
660 3451 706 3516 fui
728 3452 825 3517 hodie
847 3452 934 3516 solus
958 3452 1108 3516 obsessor
1133 3452 1207 3516 fori.

238 3564 323 3631 Ibid.
336 3563 414 3628 908:
438 3562 493 3650 qui
513 3563 627 3646 loquar
645 3561 724 3625 haec
746 3584 874 3626 mecum
897 3571 1028 3648 egomet
1051 3562 1151 3630 solus.

236 3671 328 3736 Pers.
341 3671 419 3737 779:
447 3672 543 3739 Solus
565 3692 627 3754 ego
652 3670 801 3735 omnibus
824 3669 965 3734 antideo.

239 3781 341 3849 Stich.
354 3782 433 3846 646:
456 3782 526 3846 Iam
549 3780 659 3844 hercle
681 3801 743 3865 ego
768 3779 960 3843 decumbam
985 3780 1082 3846 solus.

240 3889 329 3954 Trin.
345 3889 443 3954 1149:
468 3888 554 3971 Quid
580 3911 642 3974 ego
664 3889 794 3975 ineptus
816 3889 903 3954 solus
929 3897 990 3953 stc.

155 3997 262 4062 Deest
282 4020 464 4086 pronomen
485 3999 581 4064 Most.
603 3994 663 4061 776
690 3999 759 4085 ‘qua'
778 3997 867 4060 solus
883 3994 993 4082 facio’
1016 3996 1072 4061 sed
1096 3997 1129 4061 in
1154 4019 1253 4063 enun-

155 4106 234 4171 tiato
256 4098 404 4187 relativo,
427 4127 534 4192 noque
558 4105 662 4191 magis
684 4114 846 4193 repugnat
867 4105 954 4170 Men.
969 4105 1046 4169 957:
1075 4105 1166 4170 ‘abiit
1189 4129 1252 4170 me-
