2820 4830
680 247 723 312 36

56 429 58 434 ’
155 427 206 496 bis
232 435 274 494 ‘te
294 431 380 494 oolo'
402 429 486 494 illud
505 428 623 518 ipsum,
644 432 732 517 quod
754 429 1031 512 desiderabamus,
1050 427 1127 492 satis
1149 424 1251 512 signi·

152 539 278 603 ficetur.
322 540 382 605 Est
415 539 502 604 enim
534 543 575 603 ‘te
605 541 690 603 oolo'
723 538 842 604 locutio
873 561 997 621 eorum,
1028 522 1084 622 qui
1111 537 1253 600 altorum

153 648 240 736 apud
263 671 298 714 se
318 649 465 714 retinere
489 649 636 736 cupiunt,
659 658 695 713 ut
711 649 832 714 docent
844 673 874 715 v.
887 648 979 712 Trin.
992 647 1063 731 516,
1077 647 1148 731 717,
1161 644 1252 711 1059.

154 760 253 826 (lure.
272 760 344 844 391,
367 758 438 824 686.
460 759 581 825 Pseud.
603 759 675 844 250,
700 759 755 845 qui
788 756 920 845 quidem
955 758 1048 821 locus
1071 763 1183 819 nostro
1211 753 1253 818 si-

155 869 312 935 millimus
333 878 391 936 est.

239 979 272 1065 2)
297 980 417 1046 Misere
441 977 588 1065 corrupti
612 986 687 1044 sunt
709 975 837 1042 numeri
859 996 1015 1039 versuum
1036 971 1171 1054 65-67,
1198 968 1254 1056 qui

154 1088 258 1155 sicin
281 1088 407 1154 Vetere
431 1087 679 1153 describuntur:
761 1168 764 1176 Ι

237 1199 299 1287 Ep.
320 1197 470 1286 Iuppiter
496 1207 528 1262 te
550 1198 700 1285 perduitl
736 1198 797 1264 Th.
822 1197 916 1262 Mitte
947 1218 1034 1260 nunc
1065 1194 1144 1275 iam3
1177 1214 1254 1255 nam

791 1307 850 1372 ille
874 1328 926 1371 me
950 1303 1056 1370 votuit
1076 1302 1210 1367 domum

238 1416 382 1481 Venire:
404 1416 445 1480 ad
459 1414 697 1481 Chaeribulum
714 1414 809 1479 iussit
828 1414 893 1500 huc
916 1413 950 1477 in
969 1434 1183 1501 proxumum:
1208 1411 1255 1476 ibi

903 1542 1038 1587 manere
1061 1541 1096 1586 se
1119 1519 1213 1584 iussit

240 1629 290 1694 Eo
320 1640 479 1696 venturus
511 1639 561 1694 est
590 1629 689 1718 ipsus.
733 1630 795 1718 Ep.
821 1629 909 1711 Quid
931 1628 999 1692 ita?
1037 1628 1098 1693 Th.
1124 1628 1254 1694 Dicam.

977 1738 1053 1824 quia
1074 1748 1212 1825 patrem.

155 1843 224 1913 Ubi
248 1852 358 1909 tamen
380 1866 447 1907 non
470 1844 604 1911 dubium
626 1845 705 1910 mihi
727 1845 868 1928 videtur,
897 1844 976 1931 quin
999 1849 1119 1912 verba:
1154 1848 1256 1910 ‘mitte

154 1977 291 2017 1111111-
306 1954 443 2018 domum'
469 1953 637 2042 complere
660 1977 792 2018 versum
816 1955 968 2040 debeant,
989 1965 1026 2018 ut
1048 1955 1174 2041 aliquas
1197 1976 1254 2018 ex·

51 2092 53 2096 ·
155 2061 274 2127 cidisse
299 2063 444 2149 syllabus
465 2063 692 2146 colligendum
714 2064 764 2129 sit.
808 2064 921 2149 Atque
946 2064 1044 2128 etiam
1066 2063 1173 2127 minus
1197 2063 1254 2127 du-

156 2169 307 2234 bitationi
332 2170 511 2235 obnoxium
535 2181 595 2256 est,
618 2171 697 2256 quin
717 2172 873 2237 veniendi
896 2174 1044 2255 verbum,
1069 2172 1157 2257 quod
1172 2193 1252 2236 sane

159 2277 256 2341 alteri
279 2278 391 2342 versui
410 2278 540 2344 iambici
563 2279 707 2366 speciem
728 2278 844 2362 induit,
876 2281 916 2343 ab
939 2280 1097 2345 hocloco
1119 2299 1255 2365 prorsus

156 2386 300 2479 alienum
316 2388 357 2453 sit
378 2398 410 2453 et
430 2412 502 2453 cum
525 2389 643 2454 eundi
658 2389 751 2455 verbi
769 2389 930 2454 infinitivo
944 2389 1145 2454 mutandum.
1168 2388 1255 2453 Nam

158 2516 200 2558 ex
220 2494 402 2560 certissima
418 2496 579 2559 sermonis
597 2496 684 2580 lege,
710 2518 792 2581 quac
809 2495 888 2582 quin
903 2496 1048 2561 omnium
1064 2496 1255 2580 linguarum

155 2603 337 2668 communis
360 2603 411 2687 sit,
434 2602 491 2667 vix
516 2603 705 2688 ambiguum
730 2613 788 2686 est,
813 2603 957 2689 aliquem
980 2604 1112 2668 domum
1139 2605 1255 2670 venire

34 2708 37 2713 ’
155 2723 245 2778 vetat
269 2713 305 2796 is,
330 2712 385 2798 qui
408 2712 478 2801 ipse
503 2711 590 2776 domi
613 2721 663 2776 est
685 2720 740 2774 aut
762 2735 797 2776 se
819 2711 864 2776 ibi
888 2712 1034 2776 futurum
1057 2734 1127 2776 esse
1147 2711 1255 2795 sumit,

156 2822 248 2886 nullo
272 2823 368 2886 modo
390 2831 510 2910 potest,
540 2821 597 2906 qui
624 2830 674 2885 est
696 2830 790 2885 extra
812 2843 874 2885 nec
899 2821 970 2908 ipse
995 2820 1126 2885 domum
1149 2820 1255 2885 iturus

157 2940 215 3013 est,
238 2939 275 2994 ut
295 2929 546 3018 Stratippocles
589 2929 672 2994 Tum
698 2950 777 2994 vero
800 2929 862 2993 hoc
888 2929 993 2994 altero
1016 2929 1048 2992 in
1073 2951 1170 2993 versu
1196 2930 1254 2993 du·

153 3038 233 3126 plex
255 3037 338 3102 illud
361 3037 475 3101 ‘iussit’
496 3059 562 3102 non
583 3038 656 3101 fero
680 3060 866 3123 censeoque
891 3037 1098 3102 coniunctiva
1123 3039 1177 3100 ‘et’
1199 3037 1255 3103 vel

157 3148 275 3235 ‘atque'
300 3147 461 3234 particula
487 3146 669 3233 adsumpta,
701 3157 737 3210 ut
767 3147 871 3210 altero
904 3147 977 3211 loco
1006 3148 1108 3211 verbo
1140 3168 1255 3210 carere

156 3255 329 3343 possimus,
356 3255 536 3319 curandum
561 3277 642 3320 esse.
688 3254 779 3335 Quae
803 3255 858 3340 qui
880 3255 1069 3342 probaverit
1090 3255 1154 3318 iam
1176 3278 1255 3343 pau-

159 3364 205 3429 cis
227 3363 424 3450 lenibusque
444 3364 676 3429 mutationibus
698 3363 860 3428 adiunctis
882 3374 949 3429 tres
964 3365 1175 3451 recuperabit
1189 3373 1255 3428 tro-

157 3473 288 3537 chaicos
319 3471 533 3560 septenarios.
576 3471 643 3536 Pro
672 3471 790 3558 quibus
820 3472 907 3560 apud
939 3472 1093 3537 Bothium
1126 3482 1257 3537 exstant

156 3606 187 3647 v.
210 3605 254 3646 aa.
277 3590 300 3645 t.
323 3582 354 3646 d.
378 3581 397 3646 i.
422 3580 452 3644 d.
471 3604 510 3663 c,
531 3580 552 3645 i.
569 3606 605 3664 s.‚
626 3591 649 3644 t.
666 3590 701 3664 t.;
724 3581 810 3669 apud
831 3580 999 3648 Iacobum:
1022 3591 1044 3646 t.
1059 3591 1080 3646 1.
1102 3605 1162 3666 ac,
1184 3581 1205 3646 1.
1221 3605 1256 3665 a,

158 3701 183 3756 t.
206 3700 227 3755 t.
252 3714 299 3754 ao.

240 3800 274 3882 3)
297 3798 469 3863 Postremo
481 3797 660 3863 videndum
676 3809 725 3863 est
740 3799 781 3863 de
796 3824 827 3864 v.
838 3799 962 3864 72-74
976 3819 1042 3861 non
1054 3798 1256 3864 mediocrem

156 3907 191 3972 in
217 3907 309 3972 libris
340 3908 469 3972 cladem
499 3907 662 3995 expertis;
701 3909 756 3993 qui
786 3908 901 3993 quales
932 3930 972 3972 ex
997 3907 1121 3971 Vetere
1152 3908 1255 3991 vulgo

157 4015 445 4095 circumferantur,
471 4039 512 4081 ex
536 4016 746 4081 adnotatione
770 4038 888 4082 scenae
911 4015 1103 4081 subiunctae
1118 4038 1255 4102 cognos-

159 4125 253 4190 citur.
297 4125 376 4209 Sed,
405 4136 441 4190 ut
462 4127 540 4191 hinc
564 4125 729 4209 exordiar,
759 4149 825 4191 non
847 4125 979 4191 memini
1004 4148 1055 4189 me
1079 4125 1148 4189 ullo
1182 4125 1254 4189 loco
