2820 4830
762 238 782 301 8
862 256 863 259 ,

309 425 396 514 [Tibi
420 428 492 490 esse
515 425 549 489 in
572 424 653 488 urbe
677 422 841 487 fidicinam
866 422 1001 486 multdm
1025 445 1119 507 quam
1144 422 1321 512 deperires,

305 536 353 605 Ut
380 538 449 602 erat
468 536 656 622 priusquam
680 536 753 598 ttius
778 550 867 598 amor
891 532 931 596 ad
954 532 1047 597 aliam
1072 532 1293 598 transvolavit.

305 645 345 711 Ei
378 667 450 710 esse
479 643 579 710 hddie
603 643 746 708 adlatum
779 642 938 725 mintium,
968 651 1001 705 te
1028 646 1201 727 argentum
1233 644 1321 708 ferre
1372 684 1373 687 =

1158 751 1280 818 Thebis

306 862 375 932 Ubi
399 866 540 949 primum
565 862 708 944 adesses,
731 861 806 926 ilico
827 872 863 926 ut
887 864 1023 926 amicam
1048 862 1213 926 liberares.

308 970 499 1060 Trepidanti
530 971 601 1035 seui
631 992 672 1034 ne
700 970 734 1034 id
761 970 856 1035 fieret
887 970 931 1035 fui
968 993 1032 1055 ego
1066 970 1161 1034 ladius
1185 970 1321 1035 astutiae

1160 1083 1282 1163 adctor,

308 1206 517 1272 Meretricem
540 1227 610 1270 eam
634 1215 671 1269 ut
698 1228 792 1289 quam
823 1205 1003 1269 celerrume
1034 1229 1051 1268 n
1080 1206 1200 1270 lendne
1229 1226 1321 1292 prae-

1122 1314 1281 1396 stinaretl,

309 1455 357 1524 Ut
381 1458 477 1535 qdem
500 1455 641 1521 redisses
664 1457 706 1520 nd
722 1454 780 1518 tibi
799 1454 866 1519 eius
890 1454 984 1541 copia
1010 1465 1104 1520 essct.
1130 1455 1195 1524 Sti.
1218 1455 1324 1540 Erigo.

228 1566 298 1632 Iam
335 1565 412 1629 licet
447 1563 487 1627 ad
520 1585 665 1645 versum,
697 1562 751 1647 qui
786 1562 947 1648 sequitur,
981 1563 1031 1645 21,
1067 1563 1236 1649 progredi,
1271 1564 1325 1649 qui

228 1697 296 1740 nen
319 1675 359 1738 ob
382 1674 525 1759 syllabas
546 1682 671 1737 tantum
694 1673 733 1736 ad
748 1673 883 1760 plenum
896 1673 1117 1760 septenarium
1133 1672 1324 1738 deficientes

230 1781 366 1847 vitiosus
392 1782 560 1846 habendus
583 1793 641 1848 est.
675 1782 771 1866 Quod
795 1783 882 1845 enim
902 1781 1058 1869 Epidicus
1081 1792 1244 1867 tamquam
1268 1784 1324 1847 ali·

231 1890 308 1978 quid
331 1891 406 1956 nevi
426 1892 488 1956 hoc
511 1893 584 1956 loco
608 1891 699 1956 addit
722 1913 793 1956 eam
815 1892 876 1956 iam
900 1891 986 1957 domi
1006 1915 1076 1956 esse
1098 1892 1247 1979 profilia,
1272 1916 1326 1959 ex-

231 1987 403 2091 positionis
426 2024 503 2082 suae
527 2002 683 2066 rationem
709 2003 921 2067 vehementer
945 2002 1062 2082 turbat,
1088 2004 1240 2087 quoniam
1264 2005 1326 2068 hoc

227 2090 377 2200 profecto
404 2111 437 2174 in
460 2111 570 2199 priore
594 2110 650 2175 ille
674 2110 748 2176 dolo
765 2111 945 2176 enarrando
961 2111 988 2174 ei
1005 2111 1325 2176 commemorandum

228 2230 319 2302 erat3
348 2218 422 2300 nisi,
445 2218 531 2302 quod
555 2219 826 2284 verisimillimum
849 2229 908 2301 cst,
932 2243 1005 2283 cum
1029 2241 1067 2283 ea
1092 2242 1144 2284 res
1166 2231 1325 2307 spectato-

229 2327 319 2393 ribus
343 2327 407 2391 iam
430 2349 472 2393 ex
493 2327 598 2415 prima
620 2351 716 2392 scena
730 2337 806 2392 nota
824 2338 920 2406 esset,
945 2325 1198 2414 Stratippoclem
1212 2351 1327 2392 servus

228 2437 269 2503 de
295 2438 388 2503 eain
412 2437 601 2505 Chaeribuli
627 2438 722 2501 dome
746 2437 810 2501 iam
832 2437 1005 2501 certiorem
1026 2438 1159 2501 fecerat.
1193 2440 1267 2521 Qua
1290 2459 1326 2501 re

230 2568 268 2610 ea
289 2547 391 2611 verba
413 2547 467 2611 hic
491 2546 568 2634 quid
590 2547 693 2610 velint
719 2568 783 2610 non
806 2546 976 2630 intellege,
1005 2546 1066 2609 nisi
1094 2546 1121 2610 si
1145 2569 1163 2608 a
1187 2545 1325 2632 Stratip-

230 2656 323 2745 pocle
347 2655 501 2721 dicuntur
525 2665 558 2719 et
588 2655 631 2719 ita
655 2653 797 2742 quidem,
822 2663 857 2717 ut
889 2654 996 2739 logica
1028 2655 1165 2739 quadam
1201 2654 1324 2718 ratione

228 2787 301 2829 curn
313 2764 488 2853 postremis
500 2764 630 2851 Epidici
643 2764 753 2828 verbis
773 2763 1019 2849 coniungantur.
1045 2762 1192 2854 Scribam
1208 2764 1327 2848 igitur:

915 2919 981 2986 Str.
1005 2920 1110 3006 Euge,

313 3041 405 3122 Quae
429 3039 493 3103 idm
524 3037 644 3102 domist
674 3060 734 3126 pro
766 3038 850 3104 filia!
884 3039 945 3125 Ep.
977 3037 1144 3127 [Teneai]
1174 3040 1240 3105 Str.
1265 3042 1328 3107 Τό-

798 3178 870 3221 neo.
914 3158 975 3244 Ep.
998 3157 1095 3222 Nunc
1118 3161 1284 3223 auctorem

231 3313 369 3383 Scilicet
388 3313 511 3399 gaudet
532 3313 588 3377 ille
615 3314 812 3398 miraturque
834 3315 971 3381 instituti
994 3341 1011 3379 a
1033 3340 1127 3382 servo
1151 3317 1216 3382 doli
1240 3327 1329 3381 astu-

229 3423 317 3506 tiam,
348 3445 389 3486 ex
418 3446 481 3509 quo
506 3445 606 3488 senex
630 3425 669 3488 ad
695 3447 764 3487 eam
787 3426 888 3511 ipsam
914 3436 1076 3509 tamquam
1098 3428 1163 3490 nati
1193 3427 1328 3491 amicam

230 3532 402 3597 emendam
436 3543 607 3617 argentum
641 3533 786 3617 dederat,
820 3558 914 3618 quam
948 3535 1011 3597 iam
1045 3557 1104 3620 pro
1139 3535 1206 3599 filia
1241 3535 1327 3599 domi

230 3642 380 3708 habebat.

316 3782 427 3870 Atque
447 3783 560 3849 eadem
582 3807 681 3850 scena
706 3786 800 3851 ctiam
824 3787 1000 3871 largiorem
1026 3788 1121 3854 nobis
1142 3789 1330 3876 suppeditat

231 3889 399 3955 dubitandi
428 3892 699 3978 deliberandique
730 3895 909 3959 materiam.
955 3895 1055 3962 Cuius
1086 3897 1118 3960 hi
1152 3907 1227 3962 sunt
1257 3920 1329 3962 ver·

232 4022 286 4064 sus
307 3999 445 4065 33-34:

314 4149 365 4215 Ibi
387 4151 463 4216 leno
486 4153 678 4218 sceleratdm
702 4165 799 4243 caput
820 4179 912 4221 suum
936 4156 1128 4244 imprddens
1151 4156 1309 4243 adligabit
1359 4166 1363 4178 '
