2820 4830
697 275 719 338 4

159 454 206 519 sic
227 454 450 521 administrata
473 465 614 541 enarrat,
639 458 732 548 ⁴errius
756 457 802 521 rei
826 457 932 541 gratia
956 457 1032 524 ilico
1056 459 1194 526 solvitur
1218 484 1265 534 ac.

157 565 307 631 libertate
332 565 480 632 donatur.
503 567 545 647 V,
567 568 597 633 2.

243 674 292 739 En
316 675 456 756 fabulae,
489 698 583 762 quam
607 698 709 763 aeque
731 700 768 739 ac
793 699 827 740 se
858 676 964 763 ipsum
992 679 1119 741 amabat
1150 689 1256 762 poeta,

71 856 80 865 ,
159 793 386 868 argumentum
410 795 457 847 sat
482 783 563 847 illud
586 784 718 870 quidem
742 785 939 866 intricatum,
966 785 1023 849 sed
1045 795 1154 849 tamen
1173 788 1255 850 bene

159 893 376 978 compositum
391 892 649 978 expolitumque.
683 894 784 959 Nulla
805 893 889 957 enim
903 904 951 958 est
963 917 1069 976 scena,
1094 919 1135 960 nc
1147 905 1254 959 actum

159 1001 276 1085 dicam,
305 1022 386 1084 quae
418 1023 482 1066 non
510 1025 581 1065 cum
608 1003 735 1067 fabulae
760 1026 884 1066 summa
913 1003 1093 1069 arctissimo
1123 1005 1254 1068 viuculo

159 1109 333 1174 coniuncta
346 1109 397 1190 sit,
421 1111 511 1175 nulla
523 1121 629 1175 exstat
641 1134 791 1197 persona,
814 1112 891 1194 quin
904 1112 945 1176 sit
966 1111 1005 1175 ad
1019 1113 1177 1177 actionem
1201 1124 1257 1176 aut

157 1219 413 1306 praeparandam
436 1230 490 1283 ant
513 1220 768 1306 promovendam
792 1221 927 1284 alicuius
947 1222 1112 1286 momenti.
1135 1220 1254 1286 Nullus

160 1327 213 1391 hic
235 1327 405 1415 parasitus,
428 1329 538 1393 nullus
559 1341 608 1395 est
629 1353 763 1416 coquus,
785 1329 839 1414 qui
858 1330 1041 1394 nniversam
1059 1330 1187 1394 fabulae
1208 1355 1255 1395 ra·

160 1436 280 1501 tionem
305 1436 386 1500 nihil
413 1460 527 1502 curans
549 1438 704 1503 ridiculas
726 1463 799 1502 suas
816 1439 931 1503 fundat
945 1439 1116 1503 orationes.
1150 1441 1254 1505 Immo

161 1567 317 1632 perquam
342 1548 471 1613 concisa
494 1559 543 1612 est
564 1550 688 1636 copiosi
712 1550 895 1633 argumenti
921 1549 1082 1632 tractatio,
1105 1570 1187 1632 quae
1210 1559 1255 1612 ta-

159 1678 232 1720 men
259 1656 402 1720 brevitas
422 1668 546 1722 tantum
568 1658 661 1722 abest
680 1669 714 1721 ut
730 1658 1004 1744 negligentiorem
1022 1658 1252 1722 remissiorem-

161 1786 223 1849 que
248 1786 379 1851 operam
402 1765 529 1850 prodat,
550 1775 585 1829 ut
606 1766 648 1829 sit
669 1766 883 1830 certissimum
905 1788 1003 1830 curae
1024 1777 1056 1829 et
1070 1766 1255 1830 meditatio-

160 1872 211 1936 nis
232 1872 399 1936 indicium.
432 1872 588 1953 Quamvis
613 1895 690 1936 vero
712 1874 753 1937 ad
777 1897 935 1938 summam
959 1873 1069 1938 fabula
1091 1874 1254 1938 elaborata

58 2044 62 2048 .
159 1981 201 2044 sit
223 1991 254 2045 et
278 1980 433 2068 expolita,
463 1981 623 2068 quaedam
648 1991 754 2046 tamen
787 1991 927 2063 exstant,
959 2003 1041 2068 quae
1070 1982 1097 2046 si
1126 1981 1255 2045 admisit

159 2100 266 2177 poeta,
287 2089 320 2152 in
343 2089 487 2155 hiscum
510 2091 639 2155 fabulae
663 2091 821 2155 rationem
837 2090 1021 2154 deseruisse
1034 2101 1129 2176 atque
1144 2112 1252 2154 secum

157 2199 374 2284 repugnantia
399 2199 547 2285 posuisse
575 2201 743 2265 fatendum
770 2210 828 2264 est.
873 2200 988 2286 Itaque
1018 2200 1058 2263 ad
1088 2200 1168 2263 haec
1197 2201 1249 2283 qui

157 2308 280 2395 primus
304 2308 493 2393 diligentius
515 2309 657 2372 animum
682 2309 1056 2394 advortitLadewigius,
1078 2309 1182 2374 diurn.
1196 2333 1251 2372 an·

158 2418 235 2500 tiqu.
251 2417 329 2480 1841
352 2439 383 2503 p.
400 2418 491 2499 1079,
521 2417 691 2505 Epidicum
725 2419 866 2482 fabulam
899 2418 932 2480 in
965 2418 1251 2482 contaminatorum

160 2526 308 2590 ordinem
330 2526 456 2610 recepit
482 2536 579 2613 atque
607 2526 689 2590 adeo
723 2527 852 2591 fabulae
881 2537 972 2590 actus
998 2548 1183 2609 saeuaeque
1211 2548 1252 2590 cx

156 2634 218 2698 hoc
242 2657 282 2697 au
306 2656 347 2697 ex
371 2634 427 2697 illo
453 2633 583 2700 Graeco
608 2634 789 2719 exemplari
815 2633 1004 2720 desumptae
1035 2644 1143 2698 essent
1171 2634 1250 2699 indi·

156 2744 251 2807 cavit.
295 2746 352 2824 At,
379 2745 428 2808 lac
452 2764 523 2808 esse
542 2743 685 2808 fabulam
716 2743 976 2824 contaminatam,
1006 2742 1083 2829 quid
1113 2742 1250 2806 lucrabi-

158 2845 253 2909 mur‘l
276 2844 395 2910 Nonne
420 2845 515 2909 ctiam
538 2846 642 2930 magis
658 2846 839 2910 mirandum
855 2845 918 2909 crit
934 2855 1073 2932 poetam,
1099 2844 1152 2930 qui
1165 2854 1252 2908 tanta

155 2952 329 3037 diligentia
360 2953 494 3018 duarum
525 2953 707 3018 fabularum
738 2963 929 3038 argumenta
954 2953 1039 3017 inter
1063 2974 1096 3016 se
1122 2973 1250 3037 compo·

157 3072 260 3144 neret,
288 3071 324 3125 ut
346 3045 386 3126 en
411 3062 449 3125 iis
482 3084 558 3125 vere
581 3087 677 3127 unam
707 3064 840 3145 faceret,
872 3062 1011 3125 eundem
1042 3062 1074 3124 in
1105 3060 1252 3145 siugulis,

156 3192 240 3255 quae
265 3181 386 3254 tamen,
416 3171 441 3236 si
464 3171 595 3257 quidem
625 3171 764 3258 scripsit,
795 3194 869 3235 curn
898 3171 968 3257 ipso
1003 3171 1131 3234 fabulae
1154 3193 1250 3255 arguo

154 3289 263 3344 mento
288 3281 468 3346 arctissime
490 3282 714 3364 cohaererent,
745 3280 822 3364 quid
846 3279 983 3361 oonsilio
1007 3303 1026 3343 a
1047 3301 1081 3344 se
1103 3279 1251 3344 instituto

156 3391 353 3453 conveniens
377 3400 462 3454 esset
482 3413 547 3455 non
570 3389 758 3455 curavisse?
782 3389 860 3455 Scio
878 3388 1019 3472 quidem,
1044 3411 1138 3474 quam
1152 3388 1252 3451 multa

88 3539 91 3546 ·
153 3498 225 3562 aliis
246 3499 280 3563 in
303 3499 420 3564 tabulis
445 3522 462 3564 e
486 3500 761 3565 contaminatione
786 3509 876 3563 recte
900 3498 963 3562 sint
986 3498 1165 3584 explicata3
1194 3496 1251 3560 scd

147 3608 271 3690 ,quales
294 3618 370 3672 sunt
392 3608 453 3672 hae
477 3608 510 3672 in
532 3608 671 3695 Epidico
695 3608 903 3686 offensiones,
928 3605 1188 3691 quidLadewigi
1210 3605 1250 3668 de

153 3716 428 3781 contaminatione
451 3716 612 3782 sententia
634 3717 779 3781 utilitatis
803 3717 920 3780 lrabeat
942 3738 1007 3780 non
1030 3714 1138 3778 video,
1182 3715 1250 3778 Ac-

154 3825 305 3890 cedamus
327 3824 428 3911 igitur
451 3826 490 3889 ad
518 3827 607 3890 locos
630 3826 671 3890 ad
700 3825 894 3891 sententiam
920 3827 960 3890 ab
984 3824 1040 3888 illo
1062 3821 1252 3888 firmandam

152 3935 308 4020 prolatos.
341 3936 382 4000 In
407 3934 522 4020 quibus
546 3935 571 3998 si
593 3957 660 4000 non
684 3957 737 3998 me
761 3935 912 3998 contineo
936 3931 1172 4014 examinandis,
1194 3931 1252 3994 sed

153 4065 213 4129 pro
239 4065 311 4116 meo
336 4043 470 4108 arbitrio
493 4043 573 4106 alios
591 4043 759 4129 quosdam,
782 4043 886 4127 quiin
905 4038 1251 4106 eandemsentcntiam
1288 4106 1291 4113 ‚

152 4152 234 4217 trahi
257 4152 394 4238 possint,
418 4151 573 4236 adiunge,
594 4151 674 4216 haee
699 4174 795 4217 causa
818 4151 889 4230 erit,
913 4151 997 4236 quod
1015 4174 1081 4216 non
1097 4146 1251 4214 utvirum
