2820 4830
680 258 723 322 44

235 440 287 507 Ex
308 441 425 524 tribus,
447 464 528 531 quos
552 441 735 511 Corssenus
761 443 869 508 attulit
892 440 1030 526 locis⁶):

236 550 354 618 Bacch.
377 552 458 618 255:
479 552 659 635 Volcanus,
693 551 763 635 Sol,
783 552 889 636 Luna,
910 552 1003 633 Dies,
1039 550 1071 615 di
1096 551 1251 636 quattuor

237 661 329 726 Asin.
351 661 430 728 762:
453 661 505 727 Ne
528 663 666 748 epistula
687 662 819 747 quidem
840 661 907 727 tilla
929 660 1025 726 sitin
1048 660 1181 726 dcdibus

236 769 332 858 Epid.
356 770 419 854 111,
439 772 471 855 4,
494 771 554 837 62:
584 772 711 837 Potuit:
744 772 819 860 plus
847 770 912 836 iam
937 793 1009 837 sum
1031 769 1134 835 libera
1159 768 1251 858 quin·

1033 878 1211 964 quennium

153 988 295 1075 primum
320 1010 362 1054 ex
384 989 603 1054 Bacchidibus
631 989 709 1054 olim
735 1014 753 1054 a
777 988 897 1056 Guieto
922 989 1028 1053 ‘Lrtua
1052 987 1122 1052 sot
1149 997 1252 1054 trans·

153 1108 295 1185 ponente
314 1098 513 1164 hauddubie
534 1099 604 1164 iure
627 1108 811 1164 correctum
835 1120 906 1163 esse
928 1099 997 1186 ipse
1012 1097 1252 1165 Fleckeisenus

154 1207 329 1272 contendit.
373 1209 484 1292 Atque
513 1207 601 1272 idem
624 1209 710 1272 valet
733 1208 774 1272 de
798 1208 943 1274 ciusdem
964 1207 1091 1273 fabulae
1113 1229 1144 1272 v,
1171 1207 1252 1272 893:

236 1316 394 1398 Minerva,
416 1316 556 1398 Latona,
578 1317 673 1404 SpcS,
697 1316 791 1405 Opis,
814 1316 938 1401 Virtris,
962 1316 1076 1381 Venus

154 1446 217 1509 quo
239 1425 312 1490 loco
336 1425 430 1510 plane
454 1427 597 1511 gemello
621 1449 685 1492 non
707 1427 804 1492 video
820 1449 879 1491 cur
894 1424 1076 1491 Corssenus
1093 1447 1159 1490 non
1175 1424 1254 1489 item

153 1556 213 1622 pro
237 1533 397 1599 sententia
420 1558 478 1599 sua
499 1557 576 1599 usus
598 1534 656 1608 sit;
680 1537 738 1600 sed
761 1556 893 1599 versum
915 1533 1087 1600 durissimo
1118 1555 1253 1598 numero

153 1641 302 1706 vitiatum
324 1642 478 1707 facillima
508 1644 691 1709 emendavit
723 1643 975 1730 transpositione
1003 1642 1091 1708 idem
1114 1641 1254 1709 Guietus

154 1750 316 1817 scribens:

240 1862 400 1941 Minerva,
424 1861 519 1948 Spes,
542 1860 677 1946 Latdna,
698 1861 791 1951 Opis,
811 1862 934 1948 Virtirs,
956 1862 1081 1931 Venus.

153 1969 280 2034 Verum
303 1992 385 2056 quae
409 1981 534 2037 restant
560 1974 710 2060 exempla
732 1998 751 2038 a
773 1972 938 2039 Corsseno
963 1972 1060 2038 allata
1080 1994 1158 2040 sanc
1180 1996 1254 2060 gra·

157 2081 248 2146 viora
272 2091 358 2164 sunt,
380 2079 421 2145 de
444 2081 559 2168 quibus
581 2081 665 2147 infra
686 2082 864 2149 videndum
889 2082 959 2147 erit.

239 2189 407 2254 Vocamur
428 2189 469 2254 ad
489 2189 609 2255 Pseud.
632 2214 663 2253 v.
685 2192 743 2258 59:

766 2300 796 2364 ci
819 2301 867 2364 rei
887 2300 956 2364 dies

239 2407 332 2474 Haec
353 2409 571 2497 praestitutast
593 2411 755 2496 proxuma
775 2404 937 2495 Diony'sia

156 2517 212 2584 ubi
225 2517 434 2601 Ritschelius,
458 2540 499 2582 ne
521 2519 701 2604 ‘proxuma'
725 2541 792 2585 vox
814 2518 974 2606 dactylica
995 2519 1029 2585 in
1052 2519 1165 2584 ultima
1188 2520 1255 2605 syl-

155 2628 229 2692 laba
262 2636 445 2711 acueretur,
480 2635 554 2713 post
592 2648 663 2691 cam
699 2626 763 2690 ‘ad’
795 2628 1068 2715 praepositionem
1104 2627 1251 2694 inseruit.

156 2738 262 2819 Quam
296 2736 558 2801 emendationem
589 2740 708 2802 fatetur
739 2759 773 2801 se
807 2760 872 2802 non
904 2739 1041 2825 probare
1079 2737 1256 2826 Sauppius‚

157 2855 281 2932 quaest.
306 2843 411 2910 Plaut.
424 2843 504 2931 p.4;
526 2845 561 2908 in
583 2866 621 2908 eo
646 2844 732 2908 enim
755 2845 991 2931 dactylicorum
1016 2846 1252 2910 vocabulorum

161 2961 295 3017 accentu
321 2953 452 3017 omnino
476 2975 542 3018 non
575 2975 645 3017 esse
675 2953 918 3019 offendendum.
962 2957 1074 3039 Atque
1103 2954 1256 3020 Fleckei-

158 3084 255 3128 scnus
281 3083 409 3149 quoque
432 3062 495 3149 ‘ad’
519 3061 601 3126 illud
624 3084 902 3149 supervacaneum
923 3071 1035 3128 censet
1057 3063 1254 3128 additamen-

157 3180 236 3253 tum,
267 3194 333 3235 non
354 3180 463 3236 tamen
486 3171 623 3235 eandem
644 3173 686 3236 ob
709 3194 857 3255 causam;
886 3172 914 3237 is
942 3171 1029 3237 enim
1058 3172 1257 3237 adiectivum

158 3278 199 3342 ad
220 3279 310 3342 ‘dies’
333 3279 437 3344 refert
459 3278 644 3365 pedemque
673 3279 817 3345 declarat
848 3280 1001 3345 creticum
1030 3279 1181 3344 nimirum
1214 3302 1256 3345 ex

158 3387 307 3452 libertate
328 3389 445 3453 Plauto
467 3410 631 3453 concessa.
688 3387 754 3453 Sed
774 3389 859 3453 haud
883 3389 980 3453 dubie
1004 3390 1113 3475 opinio
1137 3384 1295 3453 doctis-f

161 3497 276 3562 simum
300 3497 402 3562 virum
427 3498 553 3562 fefellit.
603 3497 689 3563 Nam
714 3498 773 3562 etsi
794 3498 856 3562 hac
878 3498 949 3583 ipsa
969 3498 1003 3562 in
1026 3497 1257 3563 coniunctione

159 3607 240 3670 ‘dies
273 3608 484 3691 praestituta’
519 3607 754 3672 substantivum
785 3605 933 3670 feminini
967 3628 1097 3693 semper
1125 3607 1256 3692 generis

162 3726 221 3798 cst,
243 3716 304 3779 hoc
331 3724 437 3779 tamon
461 3716 583 3779 nullam
609 3715 704 3779 aliam
716 3716 813 3779 habet
826 3739 965 3797 causam,
981 3715 1042 3780 nisi
1061 3714 1148 3802 quod
1161 3716 1253 3776 ‘dies’

160 3823 299 3888 verbum
323 3823 366 3887 ibi
389 3847 453 3888 non
467 3824 606 3912 spatium
623 3823 738 3908 viginti
753 3832 902 3907 quattuor
918 3824 1070 3889 horarum
1083 3822 1255 3908 siguificat,

229 4057 256 4126 5)
275 4057 412 4121 Gorssen„
433 4055 627 4125 ‘Aussprache‚
648 4055 821 4111 Vocalismus
839 4056 1059 4126 undBetonung
1079 4054 1129 4110 der
1147 4053 1257 4109 lateini-

160 4154 245 4210 sohcn
263 4154 403 4226 Sprache’.
420 4153 442 4220 1,
461 4171 490 4224 p.
501 4156 562 4209 330.
